<?xml version="1.0" encoding="UTF-8"?>
<!DOCTYPE html PUBLIC "-//W3C//DTD XHTML 1.0 Transitional//EN"
    "http://www.w3.org/TR/xhtml1/DTD/xhtml1-transitional.dtd">
<html xmlns="http://www.w3.org/1999/xhtml" xml:lang="en" lang="en">
 <head>
  <title>
</title>
<meta http-equiv="Content-Type" content="text/html;charset=utf-8" />
  <meta name='ocr-system' content='tesseract 3.04.00' />
  <meta name='ocr-capabilities' content='ocr_page ocr_carea ocr_par ocr_line ocrx_word'/>
</head>
<body>
  <div class='ocr_page' id='page_1' title='image "./geographigraeci01arrigoog_0213.png"; bbox 0 0 2809 4642; ppageno 0'>
   <div class='ocr_carea' id='block_1_1' title="bbox 1013 354 2348 435">
    <p class='ocr_par' dir='ltr' id='par_1_1' title="bbox 1013 354 2348 435">
     <span class='ocr_line' id='line_1_1' title="bbox 1013 354 2348 435; baseline 0 -27"><span class='ocrx_word' id='word_1_1' title='bbox 1013 356 1105 409; x_wconf 76' lang='lat' dir='ltr'><strong>m</strong></span> <span class='ocrx_word' id='word_1_2' title='bbox 1162 354 1604 410; x_wconf 54' lang='lat' dir='ltr'><strong>sennenn·</strong></span> <span class='ocrx_word' id='word_1_3' title='bbox 2218 363 2242 409; x_wconf 80' lang='lat' dir='ltr'><strong>t</strong></span> <span class='ocrx_word' id='word_1_4' title='bbox 2261 364 2306 435; x_wconf 89' lang='lat'>9</span> <span class='ocrx_word' id='word_1_5' title='bbox 2326 362 2348 407; x_wconf 88' lang='grc' dir='ltr'><em>ι</em></span> 
     </span>
    </p>
   </div>
   <div class='ocr_carea' id='block_1_2' title="bbox 254 460 2360 587">
    <p class='ocr_par' dir='ltr' id='par_1_2' title="bbox 254 460 2360 587">
     <span class='ocr_line' id='line_1_2' title="bbox 254 460 2360 587; baseline -0.003 -52"><span class='ocrx_word' id='word_1_6' title='bbox 254 461 503 535; x_wconf 81' lang='lat' dir='ltr'><strong>Medio</strong></span> <span class='ocrx_word' id='word_1_7' title='bbox 544 486 735 587; x_wconf 38' lang='lat' dir='ltr'><strong>ergo,</strong></span> <span class='ocrx_word' id='word_1_8' title='bbox 742 480 1072 557; x_wconf 81' lang='lat' dir='ltr'><strong>tempore</strong></span> <span class='ocrx_word' id='word_1_9' title='bbox 1104 460 1291 531; x_wconf 79' lang='lat' dir='ltr'><strong>inter</strong></span> <span class='ocrx_word' id='word_1_10' title='bbox 1329 460 1604 555; x_wconf 85' lang='lat' dir='ltr'><strong>olymp.-</strong></span> <span class='ocrx_word' id='word_1_11' title='bbox 1637 474 1775 531; x_wconf 83' lang='lat' dir='ltr'><strong>cxl</strong></span> <span class='ocrx_word' id='word_1_12' title='bbox 1795 507 1816 542; x_wconf 89' lang='lat'><strong>,</strong></span> <span class='ocrx_word' id='word_1_13' title='bbox 1859 482 1949 544; x_wconf 86' lang='lat'><strong>2,</strong></span> <span class='ocrx_word' id='word_1_14' title='bbox 1993 478 2066 531; x_wconf 88' lang='lat' dir='ltr'><strong>et</strong></span> <span class='ocrx_word' id='word_1_15' title='bbox 2097 460 2360 555; x_wconf 82' lang='lat' dir='ltr'><strong>olymp.</strong></span> 
     </span>
    </p>
   </div>
   <div class='ocr_carea' id='block_1_3' title="bbox 254 560 2368 763">
    <p class='ocr_par' dir='ltr' id='par_1_3' title="bbox 254 560 2368 763">
     <span class='ocr_line' id='line_1_3' title="bbox 259 560 2364 661; baseline -0.002 -22"><span class='ocrx_word' id='word_1_16' title='bbox 259 586 495 651; x_wconf 72' lang='lat' dir='ltr'><strong>cxvi,</strong></span> <span class='ocrx_word' id='word_1_17' title='bbox 542 590 629 655; x_wconf 92' lang='grc'><strong>2,</strong></span> <span class='ocrx_word' id='word_1_18' title='bbox 668 568 913 639; x_wconf 77' lang='lat' dir='ltr'><strong>vixerit</strong></span> <span class='ocrx_word' id='word_1_19' title='bbox 958 584 1283 661; x_wconf 79' lang='lat' dir='ltr'><strong>oportet,</strong></span> <span class='ocrx_word' id='word_1_20' title='bbox 1333 590 1484 636; x_wconf 86' lang='lat' dir='ltr'><strong>non</strong></span> <span class='ocrx_word' id='word_1_21' title='bbox 1530 564 1818 659; x_wconf 86' lang='lat' dir='ltr'><strong>quidem</strong></span> <span class='ocrx_word' id='word_1_22' title='bbox 1867 560 2114 658; x_wconf 78' lang='lat' dir='ltr'>Scylax</span> <span class='ocrx_word' id='word_1_23' title='bbox 2166 566 2318 659; x_wconf 87' lang='lat' dir='ltr'><strong>ipse</strong></span> <span class='ocrx_word' id='word_1_24' title='bbox 2343 614 2364 649; x_wconf 91' lang='lat'><strong>,</strong></span> 
     </span>
     <span class='ocr_line' id='line_1_4' title="bbox 254 664 2368 763; baseline -0.001 -21"><span class='ocrx_word' id='word_1_25' title='bbox 254 676 381 742; x_wconf 90' lang='lat' dir='ltr'><strong>sed</strong></span> <span class='ocrx_word' id='word_1_26' title='bbox 426 691 665 743; x_wconf 85' lang='lat' dir='ltr'>auctor</span> <span class='ocrx_word' id='word_1_27' title='bbox 711 672 829 742; x_wconf 86' lang='lat' dir='ltr'><strong>ille</strong></span> <span class='ocrx_word' id='word_1_28' title='bbox 872 670 1151 753; x_wconf 81' lang='lat' dir='ltr'><strong>saltem,</strong></span> <span class='ocrx_word' id='word_1_29' title='bbox 1198 673 1401 762; x_wconf 73' lang='lat' dir='ltr'><strong>cujus</strong></span> <span class='ocrx_word' id='word_1_30' title='bbox 1453 664 1668 743; x_wconf 83' lang='lat' dir='ltr'><strong>fidem</strong></span> <span class='ocrx_word' id='word_1_31' title='bbox 1713 664 2005 763; x_wconf 79' lang='lat' dir='ltr'><strong>Scylax,</strong></span> <span class='ocrx_word' id='word_1_32' title='bbox 2055 670 2186 738; x_wconf 84' lang='lat' dir='ltr'><strong>hac</strong></span> <span class='ocrx_word' id='word_1_33' title='bbox 2231 668 2368 739; x_wconf 89' lang='lat' dir='ltr'><strong>Pe·</strong></span> 
     </span>
    </p>
   </div>
   <div class='ocr_carea' id='block_1_4' title="bbox 252 770 2368 976">
    <p class='ocr_par' dir='ltr' id='par_1_4' title="bbox 252 770 2368 976">
     <span class='ocr_line' id='line_1_5' title="bbox 252 770 2368 873; baseline -0 -27"><span class='ocrx_word' id='word_1_34' title='bbox 252 776 417 870; x_wconf 87' lang='lat' dir='ltr'><strong>ripli</strong></span> <span class='ocrx_word' id='word_1_35' title='bbox 434 779 542 848; x_wconf 88' lang='lat' dir='ltr'><strong>sui</strong></span> <span class='ocrx_word' id='word_1_36' title='bbox 565 794 759 873; x_wconf 83' lang='lat' dir='ltr'><strong>parte</strong></span> <span class='ocrx_word' id='word_1_37' title='bbox 776 828 796 860; x_wconf 99' lang='lat'><strong>,</strong></span> <span class='ocrx_word' id='word_1_38' title='bbox 822 793 1105 846; x_wconf 83' lang='lat' dir='ltr'><strong>secutus</strong></span> <span class='ocrx_word' id='word_1_39' title='bbox 1130 790 1257 845; x_wconf 87' lang='lat' dir='ltr'><strong>est.</strong></span> <span class='ocrx_word' id='word_1_40' title='bbox 1282 772 1513 844; x_wconf 85' lang='lat' dir='ltr'><strong>Serius</strong></span> <span class='ocrx_word' id='word_1_41' title='bbox 1543 774 1874 843; x_wconf 88' lang='lat' dir='ltr'><strong>nimirum</strong></span> <span class='ocrx_word' id='word_1_42' title='bbox 1903 796 2114 869; x_wconf 83' lang='lat' dir='ltr'><strong>quam</strong></span> <span class='ocrx_word' id='word_1_43' title='bbox 2133 770 2368 871; x_wconf 82' lang='lat' dir='ltr'><strong>Scyla-</strong></span> 
     </span>
     <span class='ocr_line' id='line_1_6' title="bbox 253 876 1736 976; baseline -0.001 -27"><span class='ocrx_word' id='word_1_44' title='bbox 253 904 411 950; x_wconf 86' lang='lat' dir='ltr'><strong>cem</strong></span> <span class='ocrx_word' id='word_1_45' title='bbox 448 883 680 976; x_wconf 83' lang='lat' dir='ltr'><strong>ipsum</strong></span> <span class='ocrx_word' id='word_1_46' title='bbox 722 881 873 953; x_wconf 75' lang='lat' dir='ltr'><strong>vult</strong></span> <span class='ocrx_word' id='word_1_47' title='bbox 914 880 1267 975; x_wconf 77' lang='lat' dir='ltr'><strong>scripsisse</strong></span> <span class='ocrx_word' id='word_1_48' title='bbox 1304 876 1736 949; x_wconf 82' lang='lat' dir='ltr'><strong>Gronovius.</strong></span> 
     </span>
    </p>
   </div>
   <div class='ocr_carea' id='block_1_5' title="bbox 286 1068 2332 1227">
    <p class='ocr_par' dir='ltr' id='par_1_5' title="bbox 286 1068 2332 1227">
     <span class='ocr_line' id='line_1_7' title="bbox 286 1068 2332 1160; baseline -0.001 -26.957"><span class='ocrx_word' id='word_1_49' title='bbox 286 1072 722 1137; x_wconf 73' lang='lat' dir='ltr'><strong>§.XV.U1·bes</strong></span> <span class='ocrx_word' id='word_1_50' title='bbox 742 1092 883 1153; x_wconf 71' lang='lat' dir='ltr'><strong>sepe</strong></span> <span class='ocrx_word' id='word_1_51' title='bbox 904 1070 1323 1153; x_wconf 71' lang='lat' dir='ltr'><strong>antiquioribus,</strong></span> <span class='ocrx_word' id='word_1_52' title='bbox 1364 1090 1534 1160; x_wconf 79' lang='lat' dir='ltr'><strong>quam</strong></span> <span class='ocrx_word' id='word_1_53' title='bbox 1557 1088 1663 1147; x_wconf 79' lang='lat' dir='ltr'><strong>pro</strong></span> <span class='ocrx_word' id='word_1_54' title='bbox 1679 1087 1772 1129; x_wconf 67' lang='lat' dir='ltr'><strong>sua</strong></span> <span class='ocrx_word' id='word_1_55' title='bbox 1793 1082 1984 1137; x_wconf 67' lang='lat' dir='ltr'><strong>etate,</strong></span> <span class='ocrx_word' id='word_1_56' title='bbox 2019 1068 2332 1131; x_wconf 71' lang='lat' dir='ltr'><strong>nominibus</strong></span> 
     </span>
     <span class='ocr_line' id='line_1_8' title="bbox 656 1143 1926 1227; baseline -0.003 -19.909"><span class='ocrx_word' id='word_1_57' title='bbox 656 1166 965 1221; x_wconf 80' lang='lat' dir='ltr'>recensent</span> <span class='ocrx_word' id='word_1_58' title='bbox 988 1146 1361 1227; x_wconf 67' lang='lat' dir='ltr'><strong>excesptores‚</strong></span> <span class='ocrx_word' id='word_1_59' title='bbox 1385 1145 1554 1227; x_wconf 73' lang='lat' dir='ltr'><strong>qualis</strong></span> <span class='ocrx_word' id='word_1_60' title='bbox 1576 1159 1692 1202; x_wconf 82' lang='lat' dir='ltr'><strong>erat</strong></span> <span class='ocrx_word' id='word_1_61' title='bbox 1711 1143 1926 1220; x_wconf 82' lang='lat' dir='ltr'><strong>Scylax.</strong></span> 
     </span>
    </p>
   </div>
   <div class='ocr_carea' id='block_1_6' title="bbox 170 1308 2371 3807">
    <p class='ocr_par' dir='ltr' id='par_1_6' title="bbox 170 1308 2371 3807">
     <span class='ocr_line' id='line_1_9' title="bbox 352 1308 2364 1415; baseline 0 -25"><span class='ocrx_word' id='word_1_62' title='bbox 352 1320 438 1391; x_wconf 89' lang='lat' dir='ltr'><strong>In</strong></span> <span class='ocrx_word' id='word_1_63' title='bbox 485 1322 590 1393; x_wconf 87' lang='lat' dir='ltr'><strong>his</strong></span> <span class='ocrx_word' id='word_1_64' title='bbox 649 1340 839 1395; x_wconf 89' lang='lat' dir='ltr'><strong>certe</strong></span> <span class='ocrx_word' id='word_1_65' title='bbox 888 1308 1334 1393; x_wconf 77' lang='lat' dir='ltr'><strong>collectaneis</strong></span> <span class='ocrx_word' id='word_1_66' title='bbox 1374 1315 1789 1415; x_wconf 85' lang='lat' dir='ltr'><strong>prudentius</strong></span> <span class='ocrx_word' id='word_1_67' title='bbox 1849 1317 2364 1415; x_wconf 82' lang='lat' dir='ltr'><strong>argumentabi-</strong></span> 
     </span>
     <span class='ocr_line' id='line_1_10' title="bbox 250 1419 2366 1519; baseline 0 -26"><span class='ocrx_word' id='word_1_68' title='bbox 250 1446 447 1509; x_wconf 86' lang='lat' dir='ltr'>mur,</span> <span class='ocrx_word' id='word_1_69' title='bbox 483 1428 541 1498; x_wconf 91' lang='lat' dir='ltr'><strong>si</strong></span> <span class='ocrx_word' id='word_1_70' title='bbox 579 1447 667 1496; x_wconf 80' lang='lat' dir='ltr'><strong>ex</strong></span> <span class='ocrx_word' id='word_1_71' title='bbox 695 1423 1034 1519; x_wconf 83' lang='lat' dir='ltr'><strong>exemplis</strong></span> <span class='ocrx_word' id='word_1_72' title='bbox 1068 1420 1385 1490; x_wconf 89' lang='lat' dir='ltr'><strong>omnium</strong></span> <span class='ocrx_word' id='word_1_73' title='bbox 1423 1419 1912 1493; x_wconf 66' lang='lat' dir='ltr'><strong>recentissimis</strong></span> <span class='ocrx_word' id='word_1_74' title='bbox 1952 1422 2366 1519; x_wconf 81' lang='lat' dir='ltr'><strong>colligamus</strong></span> 
     </span>
     <span class='ocr_line' id='line_1_11' title="bbox 248 1522 2366 1623; baseline -0.001 -26"><span class='ocrx_word' id='word_1_75' title='bbox 248 1552 470 1623; x_wconf 90' lang='lat' dir='ltr'><strong>quam</strong></span> <span class='ocrx_word' id='word_1_76' title='bbox 498 1526 708 1599; x_wconf 85' lang='lat' dir='ltr'><strong>fuerit</strong></span> <span class='ocrx_word' id='word_1_77' title='bbox 739 1550 984 1601; x_wconf 85' lang='lat' dir='ltr'><strong>recens</strong></span> <span class='ocrx_word' id='word_1_78' title='bbox 1013 1544 1255 1596; x_wconf 88' lang='lat' dir='ltr'><strong>auctor</strong></span> <span class='ocrx_word' id='word_1_79' title='bbox 1285 1526 1435 1618; x_wconf 88' lang='lat' dir='ltr'><strong>ipse</strong></span> <span class='ocrx_word' id='word_1_80' title='bbox 1477 1522 2110 1607; x_wconf 85' lang='lat' dir='ltr'><strong>collectaneorum,</strong></span> <span class='ocrx_word' id='word_1_81' title='bbox 2151 1550 2366 1620; x_wconf 82' lang='lat' dir='ltr'><strong>quam</strong></span> 
     </span>
     <span class='ocr_line' id='line_1_12' title="bbox 246 1626 2368 1703; baseline -0 -1"><span class='ocrx_word' id='word_1_82' title='bbox 246 1634 311 1702; x_wconf 88' lang='lat' dir='ltr'><strong>si</strong></span> <span class='ocrx_word' id='word_1_83' title='bbox 342 1632 498 1701; x_wconf 86' lang='lat' dir='ltr'><strong>vice</strong></span> <span class='ocrx_word' id='word_1_84' title='bbox 522 1655 715 1703; x_wconf 87' lang='lat' dir='ltr'><strong>versa</strong></span> <span class='ocrx_word' id='word_1_85' title='bbox 742 1657 783 1703; x_wconf 92' lang='lat' dir='ltr'><strong>e</strong></span> <span class='ocrx_word' id='word_1_86' title='bbox 807 1626 1122 1701; x_wconf 90' lang='lat' dir='ltr'><strong>locorum</strong></span> <span class='ocrx_word' id='word_1_87' title='bbox 1150 1630 1315 1700; x_wconf 90' lang='lat' dir='ltr'><strong>olim</strong></span> <span class='ocrx_word' id='word_1_88' title='bbox 1342 1626 1813 1699; x_wconf 85' lang='lat' dir='ltr'><strong>desolatorum</strong></span> <span class='ocrx_word' id='word_1_89' title='bbox 1849 1629 2210 1701; x_wconf 85' lang='lat' dir='ltr'><strong>mentione</strong></span> <span class='ocrx_word' id='word_1_90' title='bbox 2233 1630 2368 1701; x_wconf 91' lang='lat' dir='ltr'><strong>col·</strong></span> 
     </span>
     <span class='ocr_line' id='line_1_13' title="bbox 244 1727 2369 1833; baseline -0.001 -28"><span class='ocrx_word' id='word_1_91' title='bbox 244 1736 553 1833; x_wconf 84' lang='lat' dir='ltr'><strong>ligamus</strong></span> <span class='ocrx_word' id='word_1_92' title='bbox 586 1755 794 1831; x_wconf 86' lang='lat' dir='ltr'><strong>quam</strong></span> <span class='ocrx_word' id='word_1_93' title='bbox 824 1734 1032 1823; x_wconf 82' lang='lat' dir='ltr'><strong>fuerit</strong></span> <span class='ocrx_word' id='word_1_94' title='bbox 1053 1734 1403 1829; x_wconf 79' lang='lat' dir='ltr'><strong>antiquuS.</strong></span> <span class='ocrx_word' id='word_1_95' title='bbox 1433 1732 1598 1800; x_wconf 91' lang='lat' dir='ltr'><strong>Hoc</strong></span> <span class='ocrx_word' id='word_1_96' title='bbox 1630 1754 1779 1802; x_wconf 90' lang='lat' dir='ltr'><strong>uno</strong></span> <span class='ocrx_word' id='word_1_97' title='bbox 1811 1727 2114 1805; x_wconf 85' lang='lat' dir='ltr'><strong>alterove</strong></span> <span class='ocrx_word' id='word_1_98' title='bbox 2137 1740 2369 1803; x_wconf 83' lang='lat' dir='ltr'><strong>exem-</strong></span> 
     </span>
     <span class='ocr_line' id='line_1_14' title="bbox 250 1830 2371 1933; baseline 0 -26"><span class='ocrx_word' id='word_1_99' title='bbox 250 1838 372 1933; x_wconf 90' lang='lat' dir='ltr'><strong>plo</strong></span> <span class='ocrx_word' id='word_1_100' title='bbox 409 1840 821 1911; x_wconf 88' lang='lat' dir='ltr'><strong>ostendam</strong></span> <span class='ocrx_word' id='word_1_101' title='bbox 800 1846 875 1909; x_wconf 79' lang='grc' dir='ltr'><strong>ιη’</strong></span> <span class='ocrx_word' id='word_1_102' title='bbox 902 1854 1187 1909; x_wconf 89' lang='lat' dir='ltr'><strong>auctore</strong></span> <span class='ocrx_word' id='word_1_103' title='bbox 1204 1840 1452 1929; x_wconf 79' lang='lat' dir='ltr'><strong>,cujus</strong></span> <span class='ocrx_word' id='word_1_104' title='bbox 1475 1850 1737 1910; x_wconf 84' lang='lat' dir='ltr'><strong>aetatem</strong></span> <span class='ocrx_word' id='word_1_105' title='bbox 1765 1830 2101 1907; x_wconf 82' lang='lat' dir='ltr'><strong>habemus</strong></span> <span class='ocrx_word' id='word_1_106' title='bbox 2126 1838 2371 1930; x_wconf 79' lang='lat' dir='ltr'><strong>explo-</strong></span> 
     </span>
     <span class='ocr_line' id='line_1_15' title="bbox 248 1935 2367 2045; baseline -0 -32"><span class='ocrx_word' id='word_1_107' title='bbox 248 1952 485 2013; x_wconf 83' lang='lat' dir='ltr'><strong>ratam&#39;.</strong></span> <span class='ocrx_word' id='word_1_108' title='bbox 508 1944 865 2045; x_wconf 70' lang='lat' dir='ltr'><strong>Nostram</strong></span> <span class='ocrx_word' id='word_1_109' title='bbox 892 1942 1370 2037; x_wconf 85' lang='lat' dir='ltr'><strong>Britanniam,</strong></span> <span class='ocrx_word' id='word_1_110' title='bbox 1425 1961 1617 2015; x_wconf 87' lang='lat' dir='ltr'><strong>anno</strong></span> <span class='ocrx_word' id='word_1_111' title='bbox 1655 1943 1797 2013; x_wconf 81' lang='lat' dir='ltr'><strong>ae&#39;rae</strong></span> <span class='ocrx_word' id='word_1_112' title='bbox 1847 1960 2100 2012; x_wconf 87' lang='lat' dir='ltr'><strong>nostrae</strong></span> <span class='ocrx_word' id='word_1_113' title='bbox 2150 1935 2367 2020; x_wconf 82' lang='lat' dir='ltr'><strong>Chri-</strong></span> 
     </span>
     <span class='ocr_line' id='line_1_16' title="bbox 249 2034 2368 2169; baseline 0 -53"><span class='ocrx_word' id='word_1_114' title='bbox 249 2047 483 2116; x_wconf 83' lang='lat' dir='ltr'><strong>stianae</strong></span> <span class='ocrx_word' id='word_1_115' title='bbox 498 2038 790 2143; x_wconf 77' lang='lat' dir='ltr'><strong>receptae‘</strong></span> <span class='ocrx_word' id='word_1_116' title='bbox 804 2044 980 2169; x_wconf 84' lang='lat'><strong>43,</strong></span> <span class='ocrx_word' id='word_1_117' title='bbox 960 2068 1035 2115; x_wconf 88' lang='lat' dir='ltr'><strong>m</strong></span> <span class='ocrx_word' id='word_1_118' title='bbox 1064 2045 1313 2147; x_wconf 89' lang='lat' dir='ltr'><strong>populi</strong></span> <span class='ocrx_word' id='word_1_119' title='bbox 1339 2044 1625 2119; x_wconf 31' lang='lat' dir='ltr'><strong>romffani</strong></span> <span class='ocrx_word' id='word_1_120' title='bbox 1645 2057 2064 2139; x_wconf 88' lang='lat' dir='ltr'><strong>potestatem</strong></span> <span class='ocrx_word' id='word_1_121' title='bbox 2069 2034 2368 2147; x_wconf 78' lang='lat' dir='ltr'><strong>redegit</strong></span> 
     </span>
     <span class='ocr_line' id='line_1_17' title="bbox 251 2145 2365 2271; baseline -0.001 -50"><span class='ocrx_word' id='word_1_122' title='bbox 251 2145 643 2235; x_wconf 82' lang='lat' dir='ltr'><strong>Claudius,</strong></span> <span class='ocrx_word' id='word_1_123' title='bbox 692 2175 778 2221; x_wconf 90' lang='lat' dir='ltr'><strong>eo</strong></span> <span class='ocrx_word' id='word_1_124' title='bbox 830 2152 985 2249; x_wconf 87' lang='lat' dir='ltr'><strong>ipso</strong></span> <span class='ocrx_word' id='word_1_125' title='bbox 1034 2169 1348 2247; x_wconf 89' lang='lat' dir='ltr'><strong>tempore</strong></span> <span class='ocrx_word' id='word_1_126' title='bbox 1398 2171 1554 2271; x_wconf 87' lang='lat' dir='ltr'><strong>quo</strong></span> <span class='ocrx_word' id='word_1_127' title='bbox 1583 2150 1869 2243; x_wconf 80' lang='lat' dir='ltr'><strong>&#39;scripsit</strong></span> <span class='ocrx_word' id='word_1_128' title='bbox 1914 2148 2133 2216; x_wconf 87' lang='lat' dir='ltr'><strong>Mela.</strong></span> <span class='ocrx_word' id='word_1_129' title='bbox 2196 2146 2365 2219; x_wconf 90' lang='lat' dir='ltr'><strong>Hoc</strong></span> 
     </span>
     <span class='ocr_line' id='line_1_18' title="bbox 250 2204 2364 2345; baseline -0.001 -21"><span class='ocrx_word' id='word_1_130' title='bbox 250 2256 531 2325; x_wconf 87' lang='lat' dir='ltr'><strong>docent</strong></span> <span class='ocrx_word' id='word_1_131' title='bbox 559 2204 771 2326; x_wconf 69' lang='lat' dir='ltr'><strong>Nierae</strong></span> <span class='ocrx_word' id='word_1_132' title='bbox 816 2254 1030 2331; x_wconf 81' lang='lat' dir='ltr'><strong>verba</strong></span> <span class='ocrx_word' id='word_1_133' title='bbox 1080 2255 1155 2323; x_wconf 86' lang='lat' dir='ltr'><strong>in</strong></span> <span class='ocrx_word' id='word_1_134' title='bbox 1203 2254 1387 2330; x_wconf 83' lang='lat' dir='ltr'><strong>hanc</strong></span> <span class='ocrx_word' id='word_1_135' title='bbox 1437 2243 1854 2323; x_wconf 62' lang='lat' dir='ltr'><strong>sententiam</strong></span> <span class='ocrx_word' id='word_1_136' title='bbox 1915 2224 2364 2345; x_wconf 59' lang='lat' dir='ltr'><strong>manifesta½</strong></span> 
     </span>
     <span class='ocr_line' id='line_1_19' title="bbox 245 2346 2366 2457; baseline -0.002 -27"><span class='ocrx_word' id='word_1_137' title='bbox 245 2363 605 2430; x_wconf 79' lang='lat' dir='ltr'><strong>Britannia</strong></span> <span class='ocrx_word' id='word_1_138' title='bbox 654 2358 875 2457; x_wconf 77' lang='lat' dir='ltr'><strong>qualis</strong></span> <span class='ocrx_word' id='word_1_139' title='bbox 914 2360 1038 2437; x_wconf 75' lang='lat' dir='ltr'><strong>sit,</strong></span> <span class='ocrx_word' id='word_1_140' title='bbox 1085 2354 1432 2454; x_wconf 81' lang='lat' dir='ltr'><strong>qualesque</strong></span> <span class='ocrx_word' id='word_1_141' title='bbox 1464 2346 1857 2455; x_wconf 72' lang='lat' dir='ltr'><strong>progeneret,</strong></span> <span class='ocrx_word' id='word_1_142' title='bbox 1904 2366 2049 2423; x_wconf 81' lang='lat' dir='ltr'><strong>mo‘x</strong></span> <span class='ocrx_word' id='word_1_143' title='bbox 2099 2360 2366 2427; x_wconf 73' lang='lat' dir='ltr'><strong>certiora</strong></span> 
     </span>
     <span class='ocr_line' id='line_1_20' title="bbox 246 2458 2364 2561; baseline 0 -30"><span class='ocrx_word' id='word_1_144' title='bbox 246 2480 319 2531; x_wconf 86' lang='lat' dir='ltr'><strong>et</strong></span> <span class='ocrx_word' id='word_1_145' title='bbox 340 2464 559 2561; x_wconf 79' lang='lat' dir='ltr'><strong>magis</strong></span> <span class='ocrx_word' id='word_1_146' title='bbox 590 2461 927 2561; x_wconf 77' lang='lat' dir='ltr'><strong>explorata</strong></span> <span class='ocrx_word' id='word_1_147' title='bbox 969 2462 1271 2536; x_wconf 71' lang='lat' dir='ltr'><strong>dicentur.</strong></span> <span class='ocrx_word' id='word_1_148' title='bbox 1313 2460 1583 2557; x_wconf 76' lang='lat' dir='ltr'><strong>Quippe</strong></span> <span class='ocrx_word' id='word_1_149' title='bbox 1594 2459 1854 2527; x_wconf 76' lang='lat' dir='ltr'><strong>tamdiu</strong></span> <span class='ocrx_word' id='word_1_150' title='bbox 1873 2458 2206 2532; x_wconf 75' lang='lat' dir='ltr'><strong>clausam</strong></span> <span class='ocrx_word' id='word_1_151' title='bbox 2203 2486 2364 2561; x_wconf 69' lang='lat' dir='ltr'><strong>ape-</strong></span> 
     </span>
     <span class='ocr_line' id='line_1_21' title="bbox 246 2552 2369 2662; baseline 0 -27"><span class='ocrx_word' id='word_1_152' title='bbox 246 2570 347 2635; x_wconf 77' lang='lat' dir='ltr'><strong>ri&#39;t</strong></span> <span class='ocrx_word' id='word_1_153' title='bbox 395 2586 527 2636; x_wconf 86' lang='lat' dir='ltr'><strong>ecce</strong></span> <span class='ocrx_word' id='word_1_154' title='bbox 584 2568 953 2662; x_wconf 70' lang='lat' dir='ltr'><strong>principum</strong></span> <span class='ocrx_word' id='word_1_155' title='bbox 1020 2568 1349 2635; x_wconf 81' lang='lat' dir='ltr'><strong>maximus</strong></span> <span class='ocrx_word' id='word_1_156' title='bbox 1378 2614 1399 2643; x_wconf 89' lang='lat'><strong>,</strong></span> <span class='ocrx_word' id='word_1_157' title='bbox 1477 2565 1585 2632; x_wconf 65' lang='lat' dir='ltr'><strong>nec</strong></span> <span class='ocrx_word' id='word_1_158' title='bbox 1662 2552 2139 2637; x_wconf 74' lang='lat' dir='ltr'><strong>ir&#39;tdomitarum</strong></span> <span class='ocrx_word' id='word_1_159' title='bbox 2181 2566 2369 2655; x_wconf 75' lang='lat' dir='ltr'><strong>niodo</strong></span> 
     </span>
     <span class='ocr_line' id='line_1_22' title="bbox 244 2654 2362 2771; baseline 0.001 -32"><span class='ocrx_word' id='word_1_160' title='bbox 244 2686 401 2739; x_wconf 83' lang='lat' dir='ltr'><strong>ante</strong></span> <span class='ocrx_word' id='word_1_161' title='bbox 422 2692 526 2750; x_wconf 77' lang='lat' dir='ltr'><strong>se,</strong></span> <span class='ocrx_word' id='word_1_162' title='bbox 577 2692 781 2740; x_wconf 85' lang='lat' dir='ltr'><strong>verum</strong></span> <span class='ocrx_word' id='word_1_163' title='bbox 817 2678 1165 2771; x_wconf 81' lang='lat' dir='ltr'><strong>ignotarum</strong></span> <span class='ocrx_word' id='word_1_164' title='bbox 1199 2689 1438 2767; x_wconf 81' lang='lat' dir='ltr'><strong>quoque</strong></span> <span class='ocrx_word' id='word_1_165' title='bbox 1466 2654 1747 2765; x_wconf 54' lang='lat' dir='ltr'><strong>gentium</strong></span> <span class='ocrx_word' id='word_1_166' title='bbox 1785 2672 2042 2747; x_wconf 80' lang='lat' dir='ltr'><strong>victor,</strong></span> <span class='ocrx_word' id='word_1_167' title='bbox 2052 2675 2362 2765; x_wconf 80' lang='lat' dir='ltr'><strong>propria-</strong></span> 
     </span>
     <span class='ocr_line' id='line_1_23' title="bbox 240 2768 2370 2871; baseline -0 -28"><span class='ocrx_word' id='word_1_168' title='bbox 240 2781 381 2843; x_wconf 77' lang='lat' dir='ltr'><strong>rzlm</strong></span> <span class='ocrx_word' id='word_1_169' title='bbox 411 2799 612 2844; x_wconf 86' lang='lat' dir='ltr'><strong>rerum</strong></span> <span class='ocrx_word' id='word_1_170' title='bbox 618 2772 837 2865; x_wconf 83' lang='lat' dir='ltr'><strong>fidem</strong></span> <span class='ocrx_word' id='word_1_171' title='bbox 884 2792 957 2843; x_wconf 82' lang='lat' dir='ltr'><strong>ut</strong></span> <span class='ocrx_word' id='word_1_172' title='bbox 982 2772 1144 2842; x_wconf 82' lang='lat' dir='ltr'><strong>bello</strong></span> <span class='ocrx_word' id='word_1_173' title='bbox 1186 2769 1570 2871; x_wconf 77' lang='lat' dir='ltr'><strong>affectavit,</strong></span> <span class='ocrx_word' id='word_1_174' title='bbox 1581 2775 1680 2839; x_wconf 83' lang='lat' dir='ltr'><strong>ita</strong></span> <span class='ocrx_word' id='word_1_175' title='bbox 1721 2771 2035 2869; x_wconf 68' lang='lat' dir='ltr'><strong>triumpha</strong></span> <span class='ocrx_word' id='word_1_176' title='bbox 2075 2768 2370 2849; x_wconf 72' lang='lat' dir='ltr'><strong>declara-&#39;</strong></span> 
     </span>
     <span class='ocr_line' id='line_1_24' title="bbox 244 2866 2362 2975; baseline 0.002 -30"><span class='ocrx_word' id='word_1_177' title='bbox 244 2894 430 2945; x_wconf 84' lang='lat' dir='ltr'><strong>turus</strong></span> <span class='ocrx_word' id='word_1_178' title='bbox 442 2879 771 2973; x_wconf 84' lang='lat' dir='ltr'><strong>,portat&#39;.</strong></span> <span class='ocrx_word' id='word_1_179' title='bbox 812 2876 917 2949; x_wconf 84' lang='lat' dir='ltr'><strong>Ex</strong></span> <span class='ocrx_word' id='word_1_180' title='bbox 940 2876 1072 2948; x_wconf 86' lang='lat' dir='ltr'><strong>illis</strong></span> <span class='ocrx_word' id='word_1_181' title='bbox 1096 2874 1325 2949; x_wconf 84' lang='lat' dir='ltr'><strong>verbis</strong></span> <span class='ocrx_word' id='word_1_182' title='bbox 1350 2886 1655 2975; x_wconf 80' lang='lat' dir='ltr'><strong>constat,</strong></span> <span class='ocrx_word' id='word_1_183' title='bbox 1691 2866 1883 2968; x_wconf 74' lang='lat' dir='ltr'><strong>jam‘</strong></span> <span class='ocrx_word' id='word_1_184' title='bbox 1863 2899 1938 2947; x_wconf 88' lang='lat' dir='ltr'>m</span> <span class='ocrx_word' id='word_1_185' title='bbox 1968 2876 2122 2971; x_wconf 82' lang='lat' dir='ltr'><strong>ipsa</strong></span> <span class='ocrx_word' id='word_1_186' title='bbox 2150 2903 2362 2975; x_wconf 86' lang='lat' dir='ltr'><strong>expe-</strong></span> 
     </span>
     <span class='ocr_line' id='line_1_25' title="bbox 241 2972 2363 3081; baseline 0.003 -32"><span class='ocrx_word' id='word_1_187' title='bbox 241 2980 521 3050; x_wconf 87' lang='lat' dir='ltr'><strong>ditione</strong></span> <span class='ocrx_word' id='word_1_188' title='bbox 580 2978 788 3053; x_wconf 86' lang='lat' dir='ltr'><strong>fuisse</strong></span> <span class='ocrx_word' id='word_1_189' title='bbox 848 2972 1270 3081; x_wconf 83' lang='lat' dir='ltr'><strong>Claudium,</strong></span> <span class='ocrx_word' id='word_1_190' title='bbox 1332 2978 1494 3048; x_wconf 84' lang='lat' dir='ltr'><strong>curn</strong></span> <span class='ocrx_word' id='word_1_191' title='bbox 1533 2976 1872 3051; x_wconf 83' lang='lat' dir='ltr'><strong>scriberet</strong></span> <span class='ocrx_word' id='word_1_192' title='bbox 1922 2982 2165 3067; x_wconf 87' lang='lat' dir='ltr'><strong>Mela&#39;,</strong></span> <span class='ocrx_word' id='word_1_193' title='bbox 2203 2978 2363 3077; x_wconf 74' lang='lat' dir='ltr'><strong>qui¹</strong></span> 
     </span>
     <span class='ocr_line' id='line_1_26' title="bbox 242 3035 2359 3209; baseline 0.002 -54"><span class='ocrx_word' id='word_1_194' title='bbox 242 3104 485 3190; x_wconf 75' lang='lat' dir='ltr'><strong>tamen</strong></span> <span class='ocrx_word' id='word_1_195' title='bbox 514 3104 701 3163; x_wconf 86' lang='lat' dir='ltr'><strong>anno</strong></span> <span class='ocrx_word' id='word_1_196' title='bbox 730 3085 1052 3182; x_wconf 86' lang='lat' dir='ltr'><strong>sequenti</strong></span> <span class='ocrx_word' id='word_1_197' title='bbox 1088 3082 1191 3167; x_wconf 82' lang='lat'><strong>44</strong></span> <span class='ocrx_word' id='word_1_198' title='bbox 1214 3084 1441 3154; x_wconf 89' lang='lat' dir='ltr'><strong>rediit</strong></span> <span class='ocrx_word' id='word_1_199' title='bbox 1448 3100 1656 3179; x_wconf 89' lang='lat' dir='ltr'><strong>atque</strong></span> <span class='ocrx_word' id='word_1_200' title='bbox 1695 3035 2177 3209; x_wconf 44' lang='lat' dir='ltr'><strong>triumphavit?</strong></span> <span class='ocrx_word' id='word_1_201' title='bbox 2215 3086 2359 3159; x_wconf 91' lang='lat' dir='ltr'><strong>Hic</strong></span> 
     </span>
     <span class='ocr_line' id='line_1_27' title="bbox 170 3178 2353 3291; baseline 0.001 -32"><span class='ocrx_word' id='word_1_202' title='bbox 170 3198 177 3207; x_wconf 89' lang='lat'><em>&#39;</em></span> <span class='ocrx_word' id='word_1_203' title='bbox 240 3208 483 3259; x_wconf 87' lang='lat' dir='ltr'><strong>tamen</strong></span> <span class='ocrx_word' id='word_1_204' title='bbox 514 3178 670 3283; x_wconf 89' lang='lat' dir='ltr'><strong>ipse</strong></span> <span class='ocrx_word' id='word_1_205' title='bbox 712 3188 947 3262; x_wconf 82' lang='lat' dir='ltr'><strong>Mela²</strong></span> <span class='ocrx_word' id='word_1_206' title='bbox 990 3186 1384 3285; x_wconf 70' lang='lat' dir='ltr'><strong>Olynthum</strong></span> <span class='ocrx_word' id='word_1_207' title='bbox 1419 3188 1514 3263; x_wconf 86' lang='lat' dir='ltr'><strong>ita</strong></span> <span class='ocrx_word' id='word_1_208' title='bbox 1560 3206 1929 3273; x_wconf 88' lang='lat' dir='ltr'><strong>memorat,</strong></span> <span class='ocrx_word' id='word_1_209' title='bbox 1970 3190 2167 3290; x_wconf 89' lang='lat' dir='ltr'><strong>quasi</strong></span> <span class='ocrx_word' id='word_1_210' title='bbox 2203 3209 2353 3291; x_wconf 87' lang='lat' dir='ltr'><strong>tum</strong></span> 
     </span>
     <span class='ocr_line' id='line_1_28' title="bbox 238 3274 2356 3395; baseline 0.003 -35"><span class='ocrx_word' id='word_1_211' title='bbox 238 3314 537 3386; x_wconf 87' lang='lat' dir='ltr'><strong>quoque</strong></span> <span class='ocrx_word' id='word_1_212' title='bbox 584 3292 904 3363; x_wconf 83' lang='lat' dir='ltr'><strong>n&#39;ondum</strong></span> <span class='ocrx_word' id='word_1_213' title='bbox 952 3290 1199 3363; x_wconf 87' lang='lat' dir='ltr'><strong>fuisset</strong></span> <span class='ocrx_word' id='word_1_214' title='bbox 1242 3293 1494 3368; x_wconf 87' lang='lat' dir='ltr'><strong>excisa.</strong></span> <span class='ocrx_word' id='word_1_215' title='bbox 1547 3283 1824 3364; x_wconf 79' lang='lat' dir='ltr'><strong>Frustra</strong></span> <span class='ocrx_word' id='word_1_216' title='bbox 1864 3318 2035 3395; x_wconf 85' lang='lat' dir='ltr'><strong>ergo</strong></span> <span class='ocrx_word' id='word_1_217' title='bbox 2084 3318 2171 3367; x_wconf 83' lang='lat' dir='ltr'><strong>ex</strong></span> <span class='ocrx_word' id='word_1_218' title='bbox 2199 3274 2356 3367; x_wconf 61' lang='lat' dir='ltr'><strong>&#39;hoc</strong></span> 
     </span>
     <span class='ocr_line' id='line_1_29' title="bbox 240 3394 2355 3495; baseline 0.002 -30"><span class='ocrx_word' id='word_1_219' title='bbox 240 3397 570 3492; x_wconf 87' lang='lat' dir='ltr'><strong>exemplo</strong></span> <span class='ocrx_word' id='word_1_220' title='bbox 644 3395 935 3491; x_wconf 88' lang='lat' dir='ltr'><strong>Scylacis</strong></span> <span class='ocrx_word' id='word_1_221' title='bbox 1000 3416 1262 3469; x_wconf 81' lang='lat' dir='ltr'><strong>aetatem</strong></span> <span class='ocrx_word' id='word_1_222' title='bbox 1330 3396 1622 3495; x_wconf 84' lang='lat' dir='ltr'><strong>colligit</strong></span> <span class='ocrx_word' id='word_1_223' title='bbox 1655 3395 2087 3469; x_wconf 85' lang='lat' dir='ltr'><strong>Gronovius.</strong></span> <span class='ocrx_word' id='word_1_224' title='bbox 2166 3394 2355 3470; x_wconf 88' lang='lat' dir='ltr'><strong>Mihi</strong></span> 
     </span>
     <span class='ocr_line' id='line_1_30' title="bbox 236 3500 2350 3595; baseline 0.001 -26"><span class='ocrx_word' id='word_1_225' title='bbox 236 3517 431 3570; x_wconf 89' lang='lat' dir='ltr'><strong>certe</strong></span> <span class='ocrx_word' id='word_1_226' title='bbox 463 3501 767 3595; x_wconf 89' lang='lat' dir='ltr'><strong>suspicio</strong></span> <span class='ocrx_word' id='word_1_227' title='bbox 796 3521 935 3589; x_wconf 89' lang='lat' dir='ltr'><strong>est,</strong></span> <span class='ocrx_word' id='word_1_228' title='bbox 967 3500 1213 3573; x_wconf 88' lang='lat' dir='ltr'><strong>urbem</strong></span> <span class='ocrx_word' id='word_1_229' title='bbox 1248 3500 1488 3571; x_wconf 87' lang='lat' dir='ltr'><strong>saltem</strong></span> <span class='ocrx_word' id='word_1_230' title='bbox 1514 3501 1698 3570; x_wconf 88' lang='lat' dir='ltr'><strong>illam</strong></span> <span class='ocrx_word' id='word_1_231' title='bbox 1730 3526 1769 3571; x_wconf 98' lang='lat' dir='ltr'><strong>a</strong></span> <span class='ocrx_word' id='word_1_232' title='bbox 1796 3502 2076 3595; x_wconf 80' lang='lat' dir='ltr'><strong>juniore</strong></span> <span class='ocrx_word' id='word_1_233' title='bbox 2111 3502 2350 3595; x_wconf 89' lang='lat' dir='ltr'><strong>aliquo</strong></span> 
     </span>
     <span class='ocr_line' id='line_1_31' title="bbox 232 3596 2352 3701; baseline 0.002 -27"><span class='ocrx_word' id='word_1_234' title='bbox 232 3601 556 3698; x_wconf 89' lang='lat' dir='ltr'><strong>principe</strong></span> <span class='ocrx_word' id='word_1_235' title='bbox 590 3596 861 3677; x_wconf 81' lang='lat' dir='ltr'><strong>fuisse</strong></span> <span class='ocrx_word' id='word_1_236' title='bbox 860 3623 1305 3677; x_wconf 87' lang='lat' dir='ltr'><strong>restauratam</strong></span> <span class='ocrx_word' id='word_1_237' title='bbox 1334 3658 1358 3691; x_wconf 87' lang='lat'><strong>,</strong></span> <span class='ocrx_word' id='word_1_238' title='bbox 1401 3630 1548 3677; x_wconf 79' lang='lat' dir='ltr'><strong>nee-</strong></span> <span class='ocrx_word' id='word_1_239' title='bbox 1571 3604 1874 3701; x_wconf 81' lang='lat' dir='ltr'><strong>Philippi</strong></span> <span class='ocrx_word' id='word_1_240' title='bbox 1916 3624 2110 3677; x_wconf 81' lang='lat' dir='ltr'><strong>aetate</strong></span> <span class='ocrx_word' id='word_1_241' title='bbox 2165 3608 2352 3678; x_wconf 80' lang='lat' dir='ltr'><strong>anti-</strong></span> 
     </span>
     <span class='ocr_line' id='line_1_32' title="bbox 235 3708 2351 3807; baseline 0.004 -31"><span class='ocrx_word' id='word_1_242' title='bbox 235 3708 524 3800; x_wconf 90' lang='lat' dir='ltr'><strong>quiores</strong></span> <span class='ocrx_word' id='word_1_243' title='bbox 568 3708 783 3779; x_wconf 87' lang='lat' dir='ltr'><strong>fuisse</strong></span> <span class='ocrx_word' id='word_1_244' title='bbox 827 3733 1074 3780; x_wconf 87' lang='lat' dir='ltr'><strong>omnes</strong></span> <span class='ocrx_word' id='word_1_245' title='bbox 1120 3733 1363 3781; x_wconf 89' lang='lat' dir='ltr'><strong>eorum</strong></span> <span class='ocrx_word' id='word_1_246' title='bbox 1400 3734 1583 3803; x_wconf 89' lang='lat' dir='ltr'><strong>quos</strong></span> <span class='ocrx_word' id='word_1_247' title='bbox 1630 3709 1964 3780; x_wconf 87' lang='lat' dir='ltr'><strong>habemus</strong></span> <span class='ocrx_word' id='word_1_248' title='bbox 1997 3710 2351 3807; x_wconf 87' lang='lat' dir='ltr'><strong>hodieque</strong></span> 
     </span>
    </p>
   </div>
   <div class='ocr_carea' id='block_1_7' title="bbox 320 3898 2106 3982">
    <p class='ocr_par' dir='ltr' id='par_1_7' title="bbox 320 3898 2106 3982">
     <span class='ocr_line' id='line_1_33' title="bbox 320 3898 2106 3982; baseline 0.002 -25"><span class='ocrx_word' id='word_1_249' title='bbox 320 3898 739 3966; x_wconf 75' lang='lat' dir='ltr'><strong>&#39;Mel.l.111,c.</strong></span> <span class='ocrx_word' id='word_1_250' title='bbox 766 3904 828 3970; x_wconf 88' lang='lat'><strong>6,</strong></span> <span class='ocrx_word' id='word_1_251' title='bbox 856 3910 901 3967; x_wconf 82' lang='grc' dir='ltr'><strong>ς.</strong></span> <span class='ocrx_word' id='word_1_252' title='bbox 926 3900 1317 3974; x_wconf 78' lang='lat' dir='ltr'><strong>4‚Tzschuek.</strong></span> <span class='ocrx_word' id='word_1_253' title='bbox 1356 3932 1434 3947; x_wconf 89' lang='lat'><strong>--</strong></span> <span class='ocrx_word' id='word_1_254' title='bbox 1471 3900 1646 3961; x_wconf 66' lang='lat' dir='ltr'><strong>‘Met</strong></span> <span class='ocrx_word' id='word_1_255' title='bbox 1671 3900 1706 3959; x_wconf 91' lang='lat' dir='ltr'><strong>l.</strong></span> <span class='ocrx_word' id='word_1_256' title='bbox 1731 3916 1802 3970; x_wconf 85' lang='lat' dir='ltr'><strong>n,</strong></span> <span class='ocrx_word' id='word_1_257' title='bbox 1827 3921 1878 3960; x_wconf 82' lang='lat' dir='ltr'><strong>e.</strong></span> <span class='ocrx_word' id='word_1_258' title='bbox 1904 3911 2031 3975; x_wconf 79' lang='lat' dir='ltr'><strong>2,s.</strong></span> <span class='ocrx_word' id='word_1_259' title='bbox 2051 3929 2106 3982; x_wconf 82' lang='lat'><strong>9.</strong></span> 
     </span>
    </p>
   </div>
  </div>
 </body>
</html>
