2809 4642
869 368 996 443 ¹nt
1047 365 1569 423 nmnonsu.
2020 383 2025 387 ·
2104 357 2129 377 ³
2194 376 2277 448 3¹

213 473 643 573 phoenicurus,
701 442 858 544 non
913 472 1216 543 solorum
1271 472 1839 567 Libyphoenicum
1868 524 1893 557 ,
1950 474 2241 547 urbibus
2261 528 2284 564 ,

215 598 390 668 quas
413 574 784 647 exciderint
825 574 1184 647 Phaurusii
1224 594 1297 646 et
1341 574 1693 685 Nigretes.
1738 574 1893 646 lmo
1916 577 2105 671 ipsas
2134 580 2285 651 ilias

220 680 410 749 urbes
435 704 476 749 a
513 680 738 772 Tyriis
778 678 912 748 sibi
967 680 1360 750 vendicatas
1414 682 1555 771 jam
1600 701 1817 773 supra
1880 702 1967 751 ex
2030 685 2283 754 eodem

213 778 523 853 Strabone
569 784 911 866 vidimus,
955 804 1258 875 quorum
1311 784 1607 876 proinde
1662 780 1873 853 fidem
1936 783 2293 857 Hannoni.

213 888 668 979 opposuimus.
709 886 872 958 Nec
913 886 1101 955 enim
1141 889 1316 957 adeo
1363 876 1637 957 s'tulmm
1680 904 1789 957 est
1826 885 1885 955 si
1939 886 2281 960 Hannoni

211 984 400 1059 fidem
425 978 842 1087 derogemus
857 1038 879 1071 ‚
907 1010 1122 1082 quem
1141 989 1489 1060 veteribus
1518 1006 1919 1082 suspectum
1947 987 2167 1061 fuisse
2184 1016 2279 1063 ne

215 1092 474 1181 quidem
493 1094 792 1164 Vossius
815 1094 966 1185 ipse
989 1088 1340 1163 diffitetur.
1365 1090 1503 1163 Sed
1526 1115 1679 1161 non
1706 1111 1901 1163 erant
1928 1094 2063 1163 soli
2098 1094 2279 1165 Car·-

217 1194 684 1293 thaginienseS,
705 1197 830 1289 qui
845 1214 1033 1266 extra
1051 1194 1439 1267 Columnas
1460 1195 1843 1267 Herculeas
1862 1197 2277 1295 navigarint.

30 1374 33 1391 ν
139 1330 148 1345 =
221 1296 390 1369 Idem
427 1299 662 1371 fecisse
690 1300 1052 1371 Phoenices
1095 1287 1483 1369 Gaditanos
1521 1314 1767 1369 testem
1811 1298 2177 1385 habemus,
2220 1304 2281 1373 si

225 1401 436 1472 minus
461 1406 688 1497 ipsum
722 1402 1166 1475 Aristotelem
1185 1451 1206 1484 ,
1247 1419 1435 1471 certe
1478 1400 1869 1470 Aristotelis
1905 1420 2099 1472 aetate
2128 1428 2279 1474 non

231 1505 434 1573 multo
453 1493 836 1576 inferiorem
855 1558 878 1589 ,
909 1498 1062 1583 περὶ
1081 1504 1443 1589 Θαυμασίαν
1468 1492 1853 1585 Ᾰκεηυᾶων’
1869 1550 1891 1569 .
1910 1504 2066 1575 Hos
2090 1508 2279 1577 enim

229 1607 422 1676 docet
459 1608 542 1677 ab
572 1610 676 1679 illa
717 1611 871 1704 ipsa
918 1632 1040 1680 ora
1081 1632 1354 1679 merces.
1377 1606 2073 1703 Carthaginiensibus
2114 1609 2281 1701 ipsis
2340 1658 2361 1678 .

227 1708 586 1807 incognitas
625 1712 1120 1811 Carthaginem
1153 1716 1575 1806 deportasse.
1604 1707 1741 1781 Sed
1778 1708 2279 1781 Gaditanorum

223 1812 509 1904 ipsorum
564 1817 911 1913 originem
967 1816 1322 1895 describit,
1391 1816 1467 1884 ni
1518 1811 1751 1897 fallor,
1808 1815 1941 1883 hoc
1994 1815 2067 1885 in
2122 1814 2279 1885 loco

225 1912 441 1987 Strabo
469 1970 490 2002 ,
544 1943 756 2012 quam
790 1919 963 1990 urbe
1004 1918 1571 2015 Carthaginiensi
1605 1918 2069 2009 antiquiorem
2108 1942 2281 2011 sup·-

224 2024 432 2110 ponit,
457 2040 525 2092 et
549 2024 1026 2121 navigationes
1063 2026 1449 2093 eorundem
1478 2039 1671 2090 extra
1694 2019 2083 2091 Columnas
2100 2021 2279 2091 Her·
2377 2018 2412 2052 ’“

225 2122 439 2194 cineas
463 2124 1142 2223 Carthaginiensium
1169 2143 1358 2195 extra
1383 2128 1659 2195 easdem
1692 2124 2053 2195 columnas
2090 2127 2283 2197 navi-

223 2229 592 2320 gationibus
625 2230 857 2309 ,etiam
907 2230 1356 2321 antiqui-ores.
1407 2228 1754 2321 Praeponit
1794 2245 1980 2297 certe
2036 2224 2281 2299 Strabo

223 2328 602 2401 Phoenicum
621 2334 1100 2429 navigationes
1115 2350 1304 2401 extra
1320 2330 1709 2401 Columnas
1726 2330 2107 2399 Herculeas
2134 2332 2278 2402 aliis

223 2438 576 2505 eorundem
632 2435 1194 2533 navigationibus
1237 2438 1326 2505 ad
1369 2452 1591 2528 partes
1638 2456 1771 2503 orae
1810 2433 2033 2526 Libyae
2080 2436 2280 2504 mari·

225 2534 393 2603 timae
425 2541 718 2620 medias3
766 2557 834 2608 et
879 2541 1162 2631 quidem
1211 2538 1307 2609 ita
1349 2538 1729 2631 praeponit,
1784 2542 1858 2605 ut
1900 2538 2101 2607 etiam
2147 2560 2279 2631 op-

223 2658 442 2729 ponat.
485 2642 697 2713 Erant
727 2666 899 2738 ergo
949 2642 1080 2712 illae
1115 2641 1527 2711 Phoenicum
1568 2640 2043 2736 navigationes
2091 2658 2281 2711 extra

225 2739 588 2816 Columnas
634 2746 1010 2815 Herculeas
1057 2746 1198 2815 aliae
1247 2768 1533 2839 prorsus
1563 2793 1586 2826 ,
1648 2760 1718 2812 et
1766 2744 2027 2837 p'riores
2090 2745 2274 2827 illis,
2368 2758 2377 2768 ‘

173 2894 182 2912 ,
220 2870 380 2937 quas
407 2869 646 2941 postea
675 2865 1007 2919 memorat
1038 2852 1125 2918 ad
1145 2866 1373 2942 partes
1401 2872 1539 2917 orae
1562 2844 1898 2915 Africana:
1928 2848 2279 2921 maritima:

226 2951 490 3043 medias.
527 2954 680 3023 Nec
713 2952 886 3022 ullas
926 2954 1148 3022 adhuc
1179 2950 1393 3021 fuisse
1446 2950 1813 3020 verisimile
1848 2968 1952 3019 est
1986 2974 2027 3019 a
2048 2968 2279 3044 poste·
2372 3010 2381 3015 .

221 3051 504 3125 rioribus‘
527 3076 712 3127 extra
732 3046 986 3125 fretum
1017 3053 1441 3125 Gaditanum
1482 3052 1811 3125 colonias.
1850 3052 2077 3123 facile
2112 3055 2280 3126 inde

221 3155 592 3253 colligimus
609 3212 631 3245 ‚
697 3176 922 3253 partes
981 3182 1116 3228 orae
1165 3158 1511 3229 maritimae
1578 3157 1836 3226 medias
1895 3158 1985 3227 de
2056 3156 2281 3251 Libyae

223 3258 416 3331 latere
455 3262 748 3361 intelligi
785 3264 1288 3333 mediterraneo
1309 3310 1330 3342 ,
1370 3284 1521 3331 non
1570 3276 1797 3330 autem
1830 3262 1920 3329 de
1948 3284 2035 3331 eo
2082 3264 2279 3355 quod
2356 3282 2367 3290 ’

221 3382 390 3435 extra
417 3357 808 3437 Columnas
835 3366 1230 3459 ponebatur
1269 3364 1675 3435 Herculeas.
1712 3353 2092 3449 Quis‘inde
2128 3386 2275 3433 non

223 3467 393 3540 videt
414 3466 770 3541 Strabonis
802 3469 1014 3539 verba
1053 3468 1435 3563 posteriora
1465 3470 1553 3537 de
1582 3468 1737 3563 ipsa
1761 3467 1952 3537 urbis
1979 3466 2307 3537 Cartha-'

220 3568 530 3665 giniensis
581 3572 1004 3646 fundatione
1049 3596 1200 3641 esse
1239 3571 1723 3669 intelligenda,
1769 3592 1919 3664 quae
1972 3571 2278 3654 medium

217 3674 634 3749 tenebat-orae
657 3676 884 3770 Libyae
921 3676 1472 3747 mediterraneae!
1510 3669 1866 3746 Convenit
1900 3690 2080 3744 certe
2111 3690 2281 3743 tem·-
2297 3759 2313 3765 υ
2386 3692 2393 3766 ;

283 3912 298 3936 ⁸
369 3906 610 3975 Tomi,
643 3926 766 3984 pag.
815 3903 1222 3996 1165,D;'ed‚
1260 3902 1561 3976 Par.1619.
1616 3953 1631 3973 ,
1674 3964 1699 3973 κ
