2809 4642
465 346 564 440 30·
791 334 824 344 ”
997 358 1429 417 Donwetu
1483 357 2001 414 nissen-urio

463 472 890 542 mentionem
919 517 940 552 ,
992 462 1252 538 nedum
1297 467 1697 537 Hannonis.
1736 461 1887 534 Imo
1928 467 2019 534 de
2050 465 2553 558 antiquiss-imis

465 574 874 646 Phoenicum
897 572 1038 641 ¹has
1082 573 1160 640 in
1187 589 1417 666 partes
1462 567 2031 668 navigationibus
2056 588 2267 666 agere
2304 569 2441 639 hoc
2470 570 2551 638 in
2644 657 2651 661 ι

467 679 626 746 ioco
649 675 1060 746 Strabonem
1077 675 1234 758 ,wel
1261 697 1347 744 ex
1374 675 1527 768 ipso
1554 675 1703 764 ejus
1724 669 2019 742 consilio
2042 669 2435 770 colligimus
2454 694 2559 742 re-

466 780 732 850 futandi
757 779 1256 850 Eratosthenisz
1233 775 1447 847 mihi}
1463 798 1635 875 ergo
1650 777 1767 846 ille
1791 779 1879 846 de
1910 775 2341 869 temporibus
2366 773 2553 846 Car-

299 874 308 892 ’
355 951 366 974 Ι,
469 882 1004 985 thaginiensium
1045 879 1587 966 florentissimis,
1620 880 1881 973 quibus
1931 877 2311 948 Hannonis
2340 901 2559 974 expe-

385 1061 392 1066 ,
470 988 806 1056 ditionem
849 985 1084 1056 statuit
1120 985 1411 1055 Pfinius.
1443 983 1731 1054 Dixerat
1756 983 1859 1053 vir
1898 981 2021 1052 ille
2044 980 2275 1052 saeculi
2302 981 2409 1052 sui
2430 985 2559 1052 do·

469 1091 852 1170 missimus,
883 1107 1190 1160 veterum
1235 1081 1591 1157 neminem
1631 1087 1982 1157 Euxinum
2018 1107 2202 1156 mare
2217 1086 2559 1182 navigare

472 1215 756 1276 ausum,
801 1210 918 1262 aut
940 1195 1132 1283 juxta
1161 1191 1448 1284 Libyam
1466 1239 1485 1273 ,
1519 1210 1638 1261 aut
1672 1187 1929 1283 Syriam
1959 1239 1979 1274 ,
2036 1207 2155 1259 aut
2210 1187 2555 1260 Ciliciam.

475 1297 668 1365 Hinc
711 1296 934 1366 obiter
965 1295 1457 1414 intelligimus,
1488 1311 1569 1363 ut
1604 1298 1693 1364 de
1730 1293 2107 1363 Hannonis
2140 1291 2416 1387 periplo
2452 1315 2563 1362 re·-

474 1399 741 1480 sciverit
761 1398 1290 1504 Eratosthenes
1253 1446 1274 1481 ‚
1317 1398 1443 1491 qui
1484 1398 1661 1491 banc
1705 1397 1947 1491 ipsam
1966 1395 2189 1488 Libyae
2236 1417 2431 1469 oram
2478 1417 2561 1464 se

364 1536 370 1545 ¹
475 1501 726 1622 legisse
759 1496 1020 1582 nai-ran
1069 1523 1218 1571 non
1261 1519 1497 1570 tamen
1529 1501 1724 1570 illum
1764 1501 1939 1569 adeo
1966 1499 2329 1594 antiquum
2384 1519 2561 1567 cen-

475 1607 727 1686 senisse,
753 1629 966 1698 quarn
984 1604 1260 1675 volebat
1283 1603 1875 1698 praestantissimus
1907 1601 2236 1685 Vossius,
2277 1603 2399 1672 sed
2424 1625 2561 1695 po-
2626 1682 2632 1691 ,

473 1709 610 1778 tius
637 1709 832 1778 illum
866 1707 1380 1804 navigatoribus
1402 1713 1895 1776 annumerasse
1929 1729 2107 1797 quos
2132 1707 2408 1780 παλαιοῖς
2435 1729 2585 1804 οΡ-ι

474 1812 809 1904 ponebat.
851 1811 1040 1878 Huic
1067 1833 1253 1930 ergo
1295 1809 1759 1878 Eratosthenis
1798 1810 2156 1878 assertioni
2205 1827 2287 1878 ut
2324 1831 2560 1878 occur-

479 1931 660 1983 reret
703 1911 983 1996 Strab0,
1049 1912 1506 2005 antiquissimi
1552 1914 1811 2006 quique
1864 1913 2291 2006 periplorum
2348 1912 2565 1985 duces

480 2033 679 2086 erant
719 2016 796 2085 in
855 2017 1274 2086 contrarium
1306 2016 1741 2086 nominandi.
1788 2013 2043 2084 Perseo
2072 2039 2247 2112 ergo
2296 2037 2561 2085 coaevos

481 2118 714 2189 nullos
763 2117 958 2188 novit
997 2116 1236 2188 Strabo
1269 2120 1507 2188 harum
1534 2121 1833 2213 partium
1870 2119 2347 2216 navigatores;
2376 2135 2449 2187 et
2474 2137 2563 2186 ne

459 2223 766 2314 ‚quidem
825 2222 1088 2292 editum
1157 2222 1533 2292 Hannonis
1597 2220 1974 2318 periplum,
2024 2223 2149 2314 qui
2202 2223 2307 2290 his
2360 2219 2569 2290 fiterit

457 2325 796 2419 ‘Trojano
822 2325 935 2397 vel
963 2325 1232 2396 excidio
1253 2326 1583 2420 proximis
1620 2324 2041 2418 temporibus
2080 2326 2561 2422 assignandus.
2580 2379 2603 2394 ,

336 2517 346 2527 1
396 2432 405 2436 ’
483 2425 554 2500 Si
583 2431 771 2500 enim
802 2431 975 2498 adeo
991 2430 1350 2521 antiquum
1375 2431 1784 2508 censuisset,
1808 2452 1931 2498 cur
1946 2451 2095 2496 non
2110 2429 2305 2498 illum
2330 2427 2565 2520 potius

483 2533 832 2652 periplum
867 2537 1301 2617 advocasset,
1344 2555 1552 2625 quam
1596 2513 1865 2617 θγόλλον,
1908 2555 2203 2602 rumorem
2264 2531 2563 2615 scilicet,

484 2635 955 2730 incertamque
981 2633 1289 2708 famam.
1271 2644 1289 2682 ²
1341 2633 1480 2705 Sed
1527 2633 1827 2715 stultum,
1874 2633 1965 2705 ait
1999 2635 2100 2706 vir
2128 2630 2245 2704 cI.
2245 2686 2266 2719 ,
2317 2639 2380 2704 si
2420 2639 2567 2732 quis

486 2743 882 2811 existimarit
919 2740 1252 2811 Pbaenices
1286 2739 1458 2830 alios
1492 2755 1638 2808 ante
1678 2739 2058 2808 Hannonem
2098 2737 2220 2805 has
2265 2761 2413 2808 oras
2452 2761 2567 2806 ac-

485 2847 786 2924 cessisse,
829 2866 910 2913 ac
954 2840 1076 2913 ibi
1098 2842 1280 2912 nrbes
1320 2841 1675 2913 condidIsse
1689 2893 1708 2923 ‚
1770 2865 1903 2912 cum
1947 2865 2027 2914 ex
2060 2843 2382 2912 Hannone
2418 2864 2565 2910 con-

487 2951 753 3016 trarium
791 2963 1040 3020 constet.
1103 2944 1322 3039 Atqui
1369 2967 1725 3066 nusquam
1766 2964 1977 3042 negat
2028 2945 2297 3014 Hanno
2348 2965 2565 3038 quens

489 3071 704 3142 quam
749 3068 910 3120 ante
959 3072 1031 3120 se
1066 3047 1320 3131 fuisse,
1379 3049 1502 3140 qui
1544 3049 1662 3129 has
1700 3071 1853 3118 oras
1888 3048 2240 3146 attigerit,
2284 3065 2405 3117 aut
2440 3047 2567 3140 qui

473 3153 698 3224 'urbes
741 3154 838 3224 ibi
877 3153 1325 3223 condiderit·
1379 3153 1523 3221 imo
1570 3153 1984 3221 contrarium
2024 3152 2252 3245 potius
2298 3172 2569 3244 suppo-

491 3257 618 3326 nit.
663 3257 1040 3328 Decretum
1094 3256 1282 3324 enim
1335 3274 1613 3326 senatus
1650 3256 1759 3324 sui
1808 3253 2397 3352 Carthaginiensis
2450 3276 2565 3322 re·-

487 3357 657 3445 fert‚
697 3379 776 3431 ut
797 3361 1001 3431 urbes
1040 3359 1606 3454 Libyphoenicum
1637 3359 1989 3429 conderet.
2018 3356 2369 3453 Supponit
2394 3379 2571 3454 ergo

490 3463 568 3534 in
623 3463 755 3534 iilis
802 3463 968 3556 ipsis
1011 3464 1148 3532 oris
1213 3463 1421 3532 urbes
1474 3461 1636 3534 alias
1681 3460 2085 3532 Phoenicum
2104 3512 2123 3544 ,
2155 3463 2318 3532 licet
2364 3457 2574 3530 nuflae

405 3657 412 3664 .
491 3566 752 3642 fuerint
773 3564 1363 3660 Libyphoenicum.
1391 3564 1633 3636 Plures
1662 3583 1847 3635 certe
1879 3561 2093 3640 fuisse
2112 3616 2131 3648 ,
2156 3565 2363 3636 inilia
2386 3587 2570 3657 quo-

496 3685 678 3764 que,
707 3693 860 3770 quae
889 3689 1078 3740 extra
1103 3669 1491 3740 Columnas
1522 3668 1903 3739 Herculeas
1940 3665 2110 3751 fuit,
2154 3691 2275 3738 ora
2308 3668 2568 3760 Libyae,

496 3774 747 3888 urbes,
801 3797 1010 3866 quam
1052 3797 1224 3867 quas
1269 3775 1421 3868 ipse
1465 3771 1849 3842 condiderit
1886 3770 2153 3842 Hanno
2178 3819 2199 3854 ,
2243 3771 2573 3867 supponit

415 3927 425 3936 ·
498 3853 764 3948 traditio
810 3901 849 3946 e
907 3875 1246 3948 Strabone
1289 3877 1603 3996 superius
1654 3873 2043 3960 observata,
2101 3879 2193 3946 de
2248 3875 2571 3946 trecentis

1814 4129 1846 4138 -o
