2809 4642
1026 318 1121 371 m
1174 312 1620 373 scrucnu.
2238 302 2379 391 187

272 425 639 497 diversitas
655 474 675 509 ‚
714 423 849 495 nisi
872 442 911 493 a
935 424 1365 517 peripiorum
1384 477 1403 509 ,
1431 448 1616 519 quos
1639 425 1716 493 in
1741 421 2042 521 singuiis
2071 422 2382 517 panibus
2459 500 2481 527 ‚

279 530 656 623 excerpsit,
696 527 1116 598 diversitate!
1144 527 1321 597 Inde
1354 546 1546 599 tanta
1569 528 1684 601 issa
1711 528 2133 597 diversarum
2169 529 2382 622 huju·

273 634 529 728 peripii
596 634 897 728 partium
956 632 1257 701 invicem
1306 626 1730 704 discrimina.
1773 628 1954 703 Sunt
2000 631 2192 701 enim
2237 633 2384 703 aliae

276 737 427 807 aliis
454 738 677 835 longe
704 736 1161 807 accuratiores
1196 763 1215 805 ι
1250 760 1381 832 pro
1426 756 1638 832 captu
1672 736 1934 807 scilicet
1975 752 2382 821 auctorum,

278 862 583 933 quorum
642 841 759 912 aiii
804 841 949 910 aliis
997 836 1256 911 fuerint
1294 843 1679 935 peritiores.
1734 838 1960 909 Valde
2009 857 2246 909 autem
2289 862 2378 911 eo

276 942 575 1037 faciebat
610 963 767 1015 aetas
808 944 1106 1014 auctoris
1138 963 1211 1015 et
1243 947 1500 1039 patria,
1545 946 1602 1015 si
1631 962 1745 1016 aut
1775 944 2018 1015 vixerit
2039 943 2172 1013 inis
2206 962 2380 1013 tem-

275 1049 563 1140 poribus
608 1049 865 1141 quibus
906 1051 1045 1139 jam
1092 1072 1227 1117 orae
1256 1049 1424 1130 illae,
1462 1052 1553 1120 de
1587 1048 1846 1142 quibus
1889 1047 2180 1147 agebat,
2227 1070 2379 1118 ma·-

276 1153 519 1222 ritimae
546 1150 805 1223 Graecis
830 1150 1095 1221 fixerint
1123 1152 1528 1247 exploratae3
1562 1170 1682 1223 aut
1713 1154 1770 1223 si
1800 1152 1970 1223 locis
2006 1152 2172 1246 ipsis
2203 1174 2378 1245 pro·-

274 1255 593 1349 pinquus
634 1256 841 1327 fixerit
870 1305 891 1339 ,
937 1270 1019 1325 ut
1061 1258 1189 1349 qui
1231 1255 1526 1326 fuissent
1579 1256 1962 1349 nuperrimi
2005 1256 2377 1327 accuratis-

277 1360 583 1453 simique
633 1360 947 1430 iocorum
1010 1360 1291 1431 iflorum
1337 1359 1588 1455 peripli
1605 1410 1626 1443 ,
1688 1360 1760 1429 id
1808 1358 2050 1429 saltem
2097 1358 2380 1430 haberet

274 1464 737 1555 exploratum.
797 1462 1055 1533 Nescio
1104 1466 1295 1534 enim
1338 1463 1836 1558 primariumne
1868 1462 2219 1557 periplum
2267 1464 2380 1533 ul·-

272 1565 429 1634 ium
486 1567 577 1635 ab
621 1568 779 1661 ipso
835 1568 1295 1665 navigationis
1340 1571 1524 1637 duce
1569 1568 1926 1661 scripturn·
1967 1568 2382 1660 excerpserit

270 1667 538 1762 Scylax.
584 1668 909 1765 Suspicor
943 1673 1260 1765 potius-a
1302 1672 1445 1741 suis
1483 1673 1834 1767 accepisse
1883 1668 2198 1751 Asianis,
2249 1672 2378 1763 qui

270 1792 435 1844 ante
474 1774 674 1845 fflnm
712 1776 1125 1869 scripserant
1148 1824 1170 1859 ,
1196 1794 1287 1863 fet
1330 1772 1732 1847 Graecorum
1779 1773 2092 1869 periples
2129 1794 2374 1843 excer-

270 1896 574 1971 pserant.
622 1878 763 1949 Vix
790 1880 1020 1973 potuit
1060 1878 1320 1975 alioqui
1362 1880 1440 1949 in
1475 1876 1742 1949 Graecia
1781 1879 1934 1973 ipsa
1975 1877 2174 1947 toties
2207 1896 2378 1970 pec-

270 2002 459 2067 care,
506 1984 642 2053 nisi
682 1986 1128 2053 decessorum
1168 1983 1516 2055 erroribus
1554 2000 1717 2053 suos
1759 1982 1964 2053 etiam
1996 1978 2376 2056 addidisset

265 2083 413 2177 ipse
460 2083 724 2179 Scylax.
772 2084 1172 2157 Graecarum
1229 2088 1420 2157 enim
1471 2080 1826 2159 civitatum
1886 2078 2154 2178 ubique
2221 2104 2376 2155 stu-

266 2189 460 2258 dium
487 2190 853 2284 profitetur
875 2194 1198 2261 omnium
1223 2192 1622 2262 maximum.
1656 2191 2120 2283 Quod-porro
2147 2210 2186 2259 a
2207 2212 2375 2259 con-

264 2294 543 2363 tinente
589 2297 679 2363 ad
722 2294 880 2364 sitas
930 2318 1019 2365 ex
1066 2298 1355 2366 adverso
1408 2296 1670 2366 insulas
1700 2342 1720 2377 ,
1775 2295 1946 2365 inde
1998 2314 2238 2365 rursus
2285 2296 2372 2363 ad

265 2393 507 2463 Iocum
536 2446 557 2479 ,
610 2418 762 2489 quo
802 2396 995 2467 filum
1036 2398 1286 2493 peripii
1326 2399 1790 2496 interruperat
1819 2399 1896 2469 in
1940 2397 2373 2483 continenti,

266 2500 707 2589 traiectiones
738 2497 973 2583 facian
1008 2523 1103 2572 ne
1142 2504 1429 2597 quidem
1473 2526 1556 2573 ea
1593 2502 1899 2597 primarii
1946 2500 2372 2598 navigatoris

264 2604 436 2673 nota
499 2622 606 2674 est
640 2656 661 2689 ‚
746 2602 871 2674 sed
925 2606 1113 2675 illius
1162 2608 1403 2701 potius
1457 2606 1584 2699 qui
1645 2624 1768 2675 sua
1825 2602 2062 2675 omnia
2123 2601 2370 2675 alienis

262 2706 589 2778 debuerit
618 2708 1203 2805 navigationibus.
1247 2710 1363 2793 Id,
1362 2756 1367 2762 -
1398 2728 1562 2779 cum
1601 2704 1697 2783 ita
1735 2730 1814 2779 se
1841 2708 2183 2788 habuerit,
2215 2730 2368 2778 non

264 2811 395 2880 erit
424 2812 744 2932 proinde
798 2833 921 2881 cur
976 2813 1298 2885 miremur
1323 2858 1343 2897 ‚
1384 2815 1460 2884 si
1503 2814 1909 2887 dissimum
1958 2812 2366 2882 saeculorum

264 2914 561 3010 vestigia
604 2916 679 2985 in
718 2916 859 2985 hoc
900 2910 1117 3011 opere
1144 2936 1540 3038 appareant
1563 2960 1584 3001 ,
1635 2917 1894 3010 quibus
1936 2914 2034 2985 issi
2072 2915 2372 2987 vixerint

264 3034 626 3101 auctores,
679 3042 983 3111 quorum
1016 3022 1269 3092 scrinia
1294 3022 1682 3117 compilarit
1714 3023 1866 3115 ipse
1895 3012 2158 3123 Scylax.
2190 3014 2366 3089 Non

263 3138 375 3189 est
426 3140 658 3193 autem
709 3125 799 3193 de
851 3120 1143 3217 Scylacis
1192 3142 1389 3196 aetate
1438 3126 2121 3218 pronunciandum,
2185 3142 2366 3217 prae·-

266 3237 589 3327 terquam
626 3251 669 3297 e
702 3228 888 3299 notis
932 3246 1329 3323 temporum
1368 3227 1878 3300 recentissimis.
1925 3227 2100 3299 Aliae
2125 3228 2366 3321 potius

262 3329 361 3397 ad
396 3348 753 3401 auctorum
794 3348 1021 3403 aetates
1069 3351 1379 3428 spectare
1415 3335 1781 3405 censendae
1807 3350 2010 3418 sunt,
2041 3352 2086 3402 e
2104 3331 2366 3425 quibus

263 3431 571 3503 invicem
616 3437 1002 3507 commissis
1044 3439 1391 3533 periplum
1431 3439 1784 3535 integrum
1833 3434 2072 3530 Scylax
2115 3432 2366 3505 confe-

264 3535 439 3606 cerit
488 3540 697 3609 maris
745 3541 1265 3613 Mediterranei.
1323 3542 1548 3613 Facile
1591 3543 1758 3611 inde
1815 3538 2158 3612 rationem
2199 3538 2364 3607 red·-

263 3640 514 3711 demus
557 3640 926 3731 iocorum,
966 3647 1157 3739 siqui
1202 3638 1500 3715 filissent
1541 3646 1616 3715 in
1668 3647 1803 3716 hoc
1853 3642 2132 3739 periplo
2157 3690 2178 3725 ,
2236 3636 2366 3737 qui

263 3760 433 3815 ante
481 3770 713 3819 veram
763 3746 1095 3842 Scyia'cis‚
1146 3770 1361 3843 quam
1419 3740 1744 3820 dedimus
1768 3801 1788 3834 ‚
1833 3765 2098 3818 aetatem
2143 3747 2360 3817 inter·-

263 3847 621 3923 cidissent.
673 3852 845 3923 Non
886 3854 1143 3927 scilicet
1198 3854 1412 3946 ipsius
1450 3852 1566 3925 issa
1607 3850 1821 3924 fuisse
1855 3846 2196 3947 Scylacisz
2237 3852 2359 3921 sed
