2809 4642
930 321 1046 374 me
1075 287 1568 376 Hannone-M.
1801 349 1811 356 -
2198 331 2283 396 57

220 427 546 509 interim,-
584 449 792 519 quam
841 427 1126 523 egregie
1167 449 1357 496 eum
1375 451 1501 509 ea,
1526 449 1767 518 quam
1803 428 1989 508 dixi,
2046 427 2289 521 peripli

225 533 446 648 hujus
469 548 670 600 aetate
695 530 1116 609 conveniat,
1175 532 1364 660 quod
1414 531 1508 598 in
1543 531 1699 598 hoc
1720 553 1959 622 opere
1978 531 2288 600 testimo-

227 631 416 702 nium
463 635 620 702 inde
669 635 1054 702 advocatur.

255 888 302 944 S.
342 875 509 935 XXII.
546 868 774 953 Scylax,
810 895 916 932 non
941 896 1010 932 ex
1019 875 1328 942 Hannone,
1367 873 1461 932 sed
1483 895 1549 930 ex
1572 874 1963 965 antiquioribus
1987 871 2250 930 Hannone

791 951 1112 1010 Phoenicum
1137 919 1388 1030 peripiis,
1412 969 1505 1007 sua
1526 950 1713 1009 hausit.

321 1155 557 1230 Habet
577 1159 1148 1253 quidem,'sateor,·
1167 1183 1330 1228 cum
1353 1159 1707 1230 Hannone
1722 1177 1967 1229 nostro
1984 1181 2287 1229 commu-
2368 1216 2378 1228 .

221 1264 336 1332 nia
364 1264 708 1333 nonnufla
735 1265 939 1332 etiam
970 1259 1245 1352 Scylax-3
1285 1278 1358 1328 et
1388 1260 1666 1358 quidem
1691 1262 1968 1330 urbium
2008 1264 2289 1332 nomina

219 1367 452 1456 aliqua
475 1415 494 1447 ,
541 1387 692 1456 quae
720 1387 760 1432 a
796 1387 870 1431 se
897 1361 1222 1452 imposita
1247 1358 1605 1452 profitetur
1632 1361 1887 1428 Hanno
1918 1412 1937 1444 ,
1967 1363 2287 1454 Tinymia-

221 1468 551 1535 teriadem
601 1482 810 1556 atque
859 1462 1196 1532 Cernen¹.
1239 1461 1310 1530 N
1317 1463 1594 1554 uspiam‘
1632 1461 1746 1530 ille
1788 1463 2066 1554 quidem
2110 1464 2295 1533 Han-

224 1569 434 1636 no'nis
473 1571 559 1635 de
593 1568 878 1636 nomine
913 1564 1243 1634 meminit.
1281 1565 1370 1634 Et
1403 1581 1631 1633 tamen
1667 1565 1806 1633 haec
1843 1565 2293 1656 antiquiorem

223 1657 415 1738 ilium
441 1667 722 1760 ‘Scyiace
750 1667 1153 1762 probarent,
1185 1667 1239 1736 si
1277 1667 1557 1759 quidem
1596 1689 1801 1736 verax
1834 1666 1951 1734 ille
1990 1667 2293 1759 periplus

217 1769 482 1842 fuisset.
529 1770 746 1864 Atqui
775 1775 909 1862 jam
935 1770 1229 1840 vidimus
1270 1769 1666 1864 Phoenicum
1706 1769 1777 1836 Τ
1772 1769 2067 1860 yriorum
2102 1769 2292 1838 colo-

223 1875 371 1942 nias
401 1866 856 1948 intervertisse
885 1924 905 1957 ,
961 1891 1168 1964 atque
1196 1871 1324 1941 sibi
1348 1872 1745 1970 vendicasse
1778 1871 2295 1964 Libyphoenicas
2392 1959 2413 1972 ·

223 1975 854 2072 Carthaginienses.
888 1975 1292 2044 Phoenicum
1323 1993 1544 2044 autem
1575 1973 1879 2044 colonias
1910 1973 2055 2042 illas
2086 1972 2294 2044 fuisse

222 2096 458 2147 censet
469 2077 708 2168 Scylax
721 2129 740 2160 ,
762 2103 907 2148 non
925 2077 1490 2169 Libyphoenicum
1512 2127 1531 2159 ,
1550 2095 1629 2144 ut
1648 2076 1796 2146 vult
1820 2077 2151 2168 impostor
2164 2077 2293 2145 sub

219 2182 511 2249 nomine
543 2181 942 2249 Hannonis.
977 2179 1126 2248 Imo
1165 2179 1584 2248 Phoeniciam
1625 2181 1843 2271 ipsam
1878 2177 1975 2247 illi
2001 2176 2291 2271 Scylacis

221 2283 579 2352 incoluere
629 2283 1005 2352 Phoenices.
1055 2283 1215 2350 Hoc
1259 2283 1445 2351 enim
1495 2284 1750 2350 docent
1771 2302 2030 2350 merces
2068 2303 2192 2360 e0,
2235 2282 2291 2350 si

221 2383 574 2476 Scylacem
612 2386 966 2454 audiamus
993 2435 1012 2465 ,
1074 2382 1489 2476 importata?
1524 2410 1539 2450 ι
1578 2407 1663 2452 ex
1697 2384 2009 2480 AEgypto
2038 2381 2295 2450 scilicet

223 2499 436 2578 atque
465 2483 714 2555 Attica.
753 2487 935 2570 Quis
963 2488 1146 2555 enim
1181 2505 1284 2555 est
1315 2488 1439 2578 qui
1472 2509 1617 2554 non
1657 2485 2251 2580 statimintessigat
2270 2533 2289 2564 ,

224 2605 492 2682 quanto
525 2590 666 2657 haec
705 2591 926 2681 aptius
959 2589 1322 2658 Phoeniciae
1352 2587 1774 2656 conveniant
1796 2623 1827 2666 ,·
1849 2609 2059 2678 quam
2088 2585 2294 2680 Liby-

221 2691 623 2784 phoeniciaei
675 2691 1042 2770 Poterant,
1093 2690 1310 2760 fateor
1337 2742 1356 2773 ,
1418 2715 1457 2758 e
1504 2711 1921 2781 quacunque
1966 2689 2295 2758 Mediter-

224 2795 420 2862 ranei
460 2794 658 2862 maris
701 2816 821 2862 ora
871 2816 1127 2862 merces
1157 2791 1605 2885 'AEthiopibus
1646 2793 1732 2860 ad
1770 2813 2105 2880 oceanum
2148 2791 2291 2860 sitis

225 2894 480 2965 inferre
509 2895 1135 2990 Carthaginienses,
1185 2895 1506 2966 Poterant
1547 2917 1747 2973 sane,
1796 2895 1848 2962 si
1866 2931 1892 2974 ·,
1926 2911 2085 2986 post
2122 2917 2291 2962 con-

223 2999 438 3066 ditam
474 2997 964 3092 Carthaginem
995 3048 1013 3078 ,
1068 3021 1298 3066 curam
1332 2999 1659 3089 deinceps
1691 3019 1970 3065 omnem
2012 2997 2293 3092 naviga-

223 3101 502 3168 tionum
552 3101 1078 3169 occidentalium
1135 3100 1660 3169 intermisissent
1706 3099 1894 3192 Tyrii
1932 3098 2295 3168 Phoeniciae

223 3202 446 3294 ipsius
497 3203 854 3293 inquilini}
885 3200 1021 3270 Sed
1062 3203 1545 3272 commercium
1594 3203 1838 3272 horum
1890 3201 2293 3270 Phoenicum

225 3327 388 3372 cum
425 3301 784 3376 Gaditanis
802 3335 826 3386 ,·
871 3322 938 3374 et
974 3303 1474 3374 Gaditanorum
1518 3327 1675 3372 cum
1722 3301 1952 3396 Libyae
1970 3305 2293 3396 :partibus

229 3399 498 3475 o'ceano
530 3407 867 3495 objectis,
923 3409 1057 3496 jam
1091 3405 1623 3498 probavimus³·
1604 3457 1623 3485 ‚
1679 3424 1748 3475 et
1790 3407 2071 3497 quidem
2122 3405 2293 3485 tale,

225 3525 308 3576 ut
349 3519 614 3578 merces
643 3509 1338 3612 Carthaginiensibus
1368 3509 1531 3600 ipsis
1573 3509 1962 3603 incognitas
2012 3505 2296 3576 Cartha-

225 3610 470 3706 ginem
493 3611 945 3703 importarint.
978 3613 1196 3698 Quod
1216 3635 1383 3680 sane
1413 3607 1565 3680 fieri
1595 3635 1739 3680 non
1766 3613 2021 3704 potuit,
2047 3609 2119 3680 si
2114 3629 2293 3675 cum

303 3822 319 3848 ¹
345 3817 646 3901 Scylaxffl.
673 3818 940 3895 53.Huds.
979 3852 1051 3864 --
1092 3819 1260 3876 ²lbid.
1282 3837 1332 3893 p.
1359 3827 1558 3892 54³-
1599 3811 1841 3879 ³s.X111.
