2809 4642
382 252 477 342 xij
839 281 846 293 ·
1201 272 1699 339 EPISTOLAE

384 338 866 447 vetustissimis
890 378 1290 473 quibusque
1321 404 1447 450 sua
1478 381 1827 463 hausisse,
1864 380 2105 471 crebra
2131 382 2509 452 auctorum

387 479 624 548 citatio
653 481 976 576 declarat.
1009 484 1168 560 Hos
1197 508 1444 555 omnes
1475 484 1607 555 sub
1636 502 1755 559 tuo
1793 486 2117 575 nomine,
2162 484 2509 559 Anselme

326 605 332 610 ²
383 568 922 673 jucundissime,
970 589 1045 657 in
1075 586 1306 657 lucem
1345 590 1667 682 prodire,
1716 608 1965 659 mutuae
2002 608 2253 659 nostrae
2286 592 2507 661 bene·

384 688 704 757 volentiae
728 710 1304 774 monumentum,
1352 694 1574 763 visum
1610 711 1715 763 est
1746 711 1815 763 et
1846 694 1970 763 tibi
2001 692 2153 763 fore
2179 688 2455 792 gratum
2478 745 2501 779 ,

387 814 522 860 nec
549 792 636 861 ab
667 790 900 865 officio
938 814 1180 866 nostro
1217 798 1548 867 alienum.
1592 794 1793 867 Vale.

393 1234 802 1304 Nobilissimo
828 1254 890 1305 et
920 1240 1294 1325 amplissimo
1320 1245 1489 1321 vii-0,
1534 1238 1595 1304 J.
1626 1238 1708 1305 G.
1733 1240 2249 1319 HERVUORTO,
2280 1240 2503 1307 David

849 1326 1378 1392 HoEscnnmus
1422 1289 1687 1411 August.
1728 1324 1792 1393 S.
1822 1326 1894 1390 P.
1930 1325 2023 1388 D.
2383 1366 2392 1372 ,

427 1548 800 1639 QUAM
781 1556 1078 1652 insignis
1097 1557 1189 1624 sit
1219 1554 1613 1623 tabularum
1644 1554 2288 1651 geographicarum
2296 1578 2497 1642 usus,

389 1677 550 1727 cum
603 1660 885 1728 aliunde
927 1676 1202 1727 constat
1241 1708 1260 1739 ,
1337 1658 1437 1727 vir
1488 1655 1863 1759 magnifice
1893 1708 1911 1742 ‚
1974 1676 2120 1753 tum
2168 1658 2281 1729 vel
2328 1660 2499 1729 hinc

390 1763 722 1843 maxime,
767 1758 966 1854 quod
994 1757 1290 1832 Athenis
1313 1761 1537 1832 olim‘
1518 1784 1593 1831 m
1623 1781 1814 1832 certo
1842 1762 2037 1831 urbis
2064 1762 2223 1830 ioco
2257 1787 2498 1832 πινακια.

391 1867 464 1933 id
512 1882 740 1961 genus
794 1866 1074 1959 publice
1121 1890 1457 1959 suspensa
1503 1866 1902 1936 extiterunt.
1962 1867 2217 1962 Longe
2264 1886 2511 1937 autem.

333 1980 338 1993 ²
389 1968 674 2040 uberior
699 1972 785 2040 ad
811 1992 1098 2039 omnem
1120 1962 1587 2071 posteritatem
1618 1996 1703 2041 ex
1726 1971 2004 2039 illorum
2022 1973 2501 2071 monumentis

387 2060 654 2173 fructus
690 2075 906 2169 redit,
957 2076 1082 2167 qui
1123 2074 1498 2175 regionum
1541 2092 1609 2144 et
1654 2076 1971 2145 locorum
2017 2098 2503 2167 quorumcun-

389 2200 574 2269 que,
615 2201 766 2246 non
796 2178 1100 2272 picturas
1134 2182 1402 2263 nudas,
1450 2182 1574 2248 sed
1604 2180 2105 2271 descriptiones
2140 2179 2499 2250 historicas

389 2281 831 2375 reliquerunt
873 2309 890 2351 ε
935 2306 1168 2381 neque
1212 2284 1284 2357 id
1327 2279 1555 2353 solum
1584 2333 1602 2365 ‚
1658 2279 1900 2353 verum
1944 2284 2193 2375 etiarn,
2234 2282 2501 2376 ‘quibus

388 2385 672 2481 populis
702 2387 826 2478 q'ui
855 2410 1107 2472 moreS,
1135 2412 1286 2485 quae
1316 2387 1606 2485 ingenia
1620 2386 1915 2481 fuerint,
1945 2392 2261 2462 accurate
2286 2390 2499 2457 adno-

391 2507 648 2557 tarunt.
695 2488 1122 2583 Cuiusmodi
1163 2493 1439 2561 erudita:
1486 2492 1911 2584 antiquitatis
1954 2488 2282 2579 ἅναΓρριφαᾷ
2314 2510 2504 2585 post-

389 2607 688 2689 eaquam
741 2587 830 2663 'in
877 2595 1191 2665 nobiliss.
1246 2598 1356 2665 M.
1403 2595 1677 2667 Velseri
1710 2646 1730 2677 ,
1780 2596 2189 2689 septemviri·
2224 2596 2446 2664 nostri
2475 2645 2498 2678 ,

387 2720 640 2767 manus
677 2699 1116 2784 inciderunt,
1161 2702 1390 2795 primo
1420 2724 1539 2769 eas
1573 2722 1876 2792 quoquev
1902 2718 2223 2793 tempore
2260 2700 2503 2793 impri-

387 2804 682 2874 mendas
713 2826 868 2872 esse
904 2805 1222 2886 censuim
1271 2828 1424 2872 non
1468 2805 1745 2873 nescius
1790 2805 2228 2898 historiarum
2266 2821 2336 2873 et
2375 2805 2503 2872 im·
2552 2855 2555 2860 .

383 2906 624 2998 primis
674 2909 1120 3007 geographiae
1175 2898 1626 3002 scriptoribus
1681 2908 2061 3002 plurimum
2116 2907 2285 2977 inde
2322 2907 2501 2977 lucis

387 3008 638 3082 adferri
668 3036 899 3105 posse.
936 3013 1070 3081 His
1102 3034 1323 3109 quum
1357 3030 1518 3081 tuus
1547 3014 1747 3082 etiam
1784 3014 2047 3095 codex,
2078 3010 2183 3081 vir
2218 3011 2503 3105 amplis-

387 3114 558 3184 sime
591 3164 612 3198 ,
655 3138 1161 3209 nonnusquam
1201 3116 1636 3215 corrigendis
1678 3168 1699 3201 ,
1749 3116 2163 3209 lacunisque
2205 3114 2501 3208 explen-

385 3220 527 3317 dis,
548 3220 975 3289 ‘subsecutus
998 3221 1342 3301 ·servierit;
1372 3244 1729 3314 quumque
1758 3222 2009 3289 horum
2042 3241 2191 3287 non
2222 3221 2457 3290 minus
2476 3269 2499 3301 ‚

388 3330 600 3415 qu'am
643 3326 938 3395 aliorum
971 3324 1400 3409 studiorum,
1444 3328 1783 3421 perquam
1830 3325 1921 3393 sis
1953 3340 2033 3392 ut
2076 3347 2358 3406 amanS,
2406 3323 2505 3390 ita

382 3429 690 3519 ·peritus;
731 3446 854 3499 tuo
885 3430 1158 3499 nomini
1183 3430 1323 3499 haec
1345 3416 1623 3499 cimelia
1654 3444 2078 3520 nuncupare
2106 3428 2333 3497 visum
2372 3443 2499 3496 est.

395 3530 691 3601 Prorsus
725 3535 913 3609 enim
947 3536 1117 3603 mihi
1149 3537 1579 3628 persuadeO,
1616 3550 1721 3615 te,
1756 3533 1882 3625 qui
1914 3534 2249 3601 hactenus
2279 3523 2503 3599 bene-

395 3636 704 3708 volentia
739 3656 854 3709 tua
879 3639 1254 3732 complecti
1297 3662 1411 3706 me
1450 3640 1782 3734 dignatus
1824 3634 2037 3705 fueris
2060 3687 2079 3719 ,
2108 3637 2381 3705 horum
2408 3620 2501 3701 li-

387 3738 778 3825 bellorum,
816 3744 1074 3835 quibus
1111 3760 1411 3812 vetustas
1450 3759 1655 3843 atque
1684 3740 1984 3809 eruditio
2019 3740 2495 3813 auctoritatem

393 3846 751 3929 conciliat,
793 3871 832 3915 a
880 3872 992 3917 me
1039 3871 1234 3918 nunc
1285 3845 1587 3939 primum
1638 3845 1981 3915 editorum
2026 3841 2495 3937 patrocinium
