2809 4642
476 293 481 300 ¹
512 301 637 391 74⁶
1058 318 1442 371 AEmroms
1507 311 2019 373 nissam-Ario

618 421 813 504 Quid
858 421 1065 516 igitur
1105 421 1233 491 sibi
1278 422 1426 491 vult
1476 423 1702 497 occisa
1750 422 1864 493 illa
1903 420 2182 517 Gor-30,
2235 446 2392 513 quae
2441 448 2571 493 ma·-

514 544 735 616 gnum
778 520 1191 615 Chrysaore-m
1242 528 1687 621 Pegasumque
1727 547 1942 617 equum
1988 526 2252 619 gignit!
2311 526 2574 618 Nempe

512 626 651 695 haec
685 626 977 693 innuere
1009 626 1358 705 videntur,
1401 627 1724 695 Perseum
1765 630 2057 717 ejusque
2089 628 2351 705 socios,
2391 652 2574 720 spre-

514 728 595 797 tis
644 728 962 817 periculis
987 779 1005 810 ,
1056 730 1389 819 victisque
1427 730 1792 799 obstaculis
1820 777 1838 809 ,
1893 732 1977 797 ad
2015 731 2348 823 regiones·
2381 754 2574 821 pene-

513 830 791 899 travisse
844 831 991 899 auri
1035 827 1314 903 feraces.
1360 832 1787 901 Maritimum
1851 854 2113 899 numen
2157 880 2174 910 ,
2229 834 2372 901 imo
2414 856 2578 911 mare

514 932 741 1023 ipsum
762 981 780 1012 ,
816 942 933 1001 est'
954 934 1269 1002 Medusa.
1312 934 1492 1002 Tres
1525 934 1710 1003 enim
1755 933 1882 1021 issa?
1924 930 2298 1027 Gorgones
2339 936 2574 1003 mariti-

518 1033 777 1101 m'arum
832 1037 1112 1103 dearum
1166 1058 1424 1105 nomen
1477 1032 1800 1105 offerunt.
1862 1034 2198 1127 Exprimit
2249 1030 2310 1101 σὺ
2371 1029 2572 1106 Σθιιν’

516 1158 797 1205 sensum
850 1138 950 1207 vis
995 1154 1063 1207 et
1105 1140 1429 1230 potentiae
1460 1189 1478 1220 ,
1541 1162 1751 1229 quam
1801 1138 1964 1208 mari
2011 1138 2307 1207 tribuere
2357 1140 2576 1209 solent

514 1254 799 1307 veteres.
831 1238 1033 1309 'Idem
1094 1242 1386 1333 reperias
1427 1242 1500 1309 in
1553 1239 1636 1326 τῷ
1683 1232 1978 1321 nonduin
2007 1290 2028 1319 ‚
2083 1244 2278 1331 quod
2319 1264 2575 1309 nomen

514 1342 721 1409 unius
762 1360 863 1409 est
899 1366 939 1409 e
978 1340 1246 1413 filiabus
1299 1342 1511 1411 Nerei
1547 1346 1734 1434 apud
1769 1341 2150 1412 Hesiodum
2179 1344 2226 1410 ¹.
2255 1340 2580 1411 'Secunda

503 1458 555 1510 ‘e
606 1440 1063 1538 Gorgonibus
1102 1447 1341 1515 dicitur
1391 1442 1714 1538 Εὐρυάλη,
1761 1468 1908 1536 quo
1963 1446 2244 1513 nomine
2297 1444 2577 1515 {atitudo

517 1546 731 1613 maris·
754 1548 1089 1615 immensa
1125 1549 1452 1617 redditur.
1491 1548 1724 1615 Tertia
1759 1550 2028 1617 tandem
2061 1548 2328 1613 Μέδουσα
2353 1546 2581 1637 adpel-

514 1648 691 1717 latur
718 1699 736 1730 ,
776 1667 843 1717 et
876 1650 1139 1719 curandi
1164 1672 1448 1718 sensum
1479 1647 1686 1717 refert
1722 1676 1738 1715 ε
1779 1649 2092 1740 illudque
2125 1672 2384 1717 nomen
2417 1649 2580 1719 vici-

517 1774 687 1817 num
722 1748 807 1833 τῷ
838 1750 1170 1831 Ammaia
1213 1750 1239 1779 ²
1267 1776 1285 1828 ς
1336 1751 1530 1841 atqui
1553 1750 1937 1821 Laomedea
1963 1774 2102 1819 una
2131 1768 2272 1821 erat
2305 1774 2343 1819 e
2373 1750 2582 1819 Nerei

512 1848 803 1921 filiabus.
858 1852 1078 1935 Quod
1112 1851 1503 1945 adpellandi
1545 1876 1769 1947 genus
1810 1851 2153 1947 significat
2177 1852 2444 1945 populos
2473 1876 2580 1919 cu-

517 1976 654 2020 rare
708 1973 769 2021 et
825 1959 982 2020 tueri
1006 2003 1025 2029 ,
1090 1950 1316 2022 forsan
1362 1958 1555 2045 quod
1603 1955 1943 2035 maritimae
1995 1955 2584 2071 peregrinationes

446 2068 457 2083 ·
512 2056 773 2123 divitias
802 2056 1079 2146 populis
1110 2074 1315 2146 atque
1353 2058 1844 2128 abundantiam
1885 2058 2182 2149 pariunt.

620 2155 1071 2247 Chrysaorem
1098 2176 1325 2227 autern
1350 2162 1656 2227 Medusa
1683 2160 1914 2254 gignit
1930 2206 1948 2239 ,
1993 2160 2116 2261 qui
2141 2160 2418 2249 quidem
2442 2158 2584 2227 auri

522 2258 543 2349 (
564 2248 835 2351 λςύσὲ)
861 2283 1119 2328 nomen
1172 2260 1393 2331 refert.
1447 2263 1771 2330 Meminit
1823 2240 2222 2329 Herodotus
2275 2258 2296 2305 ³
2360 2260 2585 2355 gentis

514 2360 744 2451 libycae
804 2364 1158 2450 cujusdam
1196 2414 1214 2445 ,
1305 2358 1565 2435 aurum
1621 2362 2314 2459 Carthaginiensibus
2384 2385 2584 2430 suum

515 2461 693 2532 facta
738 2480 1111 2534 mercatura
1150 2468 1492 2548 tradentis,
1529 2444 1784 2534 Forsan
1813 2488 2036 2556 usque
2069 2468 2152 2531 ad
2183 2464 2366 2531 issam
2413 2482 2590 2559 gen-

514 2582 651 2632 tem
695 2564 945 2635 Perseo
981 2587 1337 2659 penetrare
1378 2570 1718 2664 contigit3
1769 2566 2000 2636 forsan
2051 2572 2252 2635 occisa
2291 2570 2590 2635 Medusa

519 2668 685 2735 nihil
734 2669 918 2737 aliud
952 2690 1089 2749 est,
1143 2695 1351 2762 quam
1392 2673 1718 2741 violatum
1758 2693 1942 2738 mare
1983 2671 2330 2760 quoddam
2365 2718 2384 2748 ,
2430 2670 2592 2736 huc-

516 2793 741 2861 usque
766 2773 1269 2867 navigantibus,
1296 2791 1372 2840 ut
1396 2774 1771 2841 credebant
1789 2822 1806 2852 ,
1839 2774 2248 2863 inapertum.
2275 2773 2593 2839 Medusae

515 2872 771 2941 cossum
828 2872 1059 2945 forsan
1103 2878 1227 2944 erit
1266 2900 1393 2968 pro
1443 2877 1769 2970 gaditano
1813 2873 1986 2943 freto
2040 2874 2471 2941 habendum.
2529 2869 2596 2940 Si

513 2998 637 3065 per
667 2999 851 3045 mare
890 3000 1149 3046 novum
1182 2978 1474 3046 Perseus
1506 2979 1772 3071 erupit,
1819 2976 2200 3044 inauditum
2231 2974 2412 3043 illud
2444 2992 2597 3043 ten-

516 3094 744 3146 tamen
800 3078 1165 3175 allegorice
1224 3081 1400 3148 alato
1450 3104 1636 3172 equo
1689 3079 1972 3171 exprimi
2033 3078 2272 3169 potuit.
2325 3061 2594 3146 Iterum

516 3202 706 3249 nunc
747 3181 1131 3249 Hesiodum
1165 3184 1301 3250 hue
1340 3178 1552 3251 affero
1596 3198 2054 3261 asserentem,
2096 3200 2298 3248 suum
2345 3186 2602 3276 Pegaso

517 3288 775 3351 nomen
832 3285 991 3351 ideo
1044 3287 1277 3352 datum
1330 3274 1540 3353 fuisse
1580 3336 1598 3367 ,
1619 3286 1852 3375 quod
1897 3300 2096 3351 natus
2126 3268 2352 3349 fuerit
2407 3285 2602 3371 juxta

517 3384 795 3453 Oceani
820 3382 1081 3455 fontem
1104 3380 1163 3468 4,
1208 3378 1418 3457 ὦκιαινῧ
1450 3383 1588 3481 περὶ
1629 3378 1822 3468 ananie
1861 3384 2077 3453 Porro
2123 3385 2367 3453 Oceani
2389 3386 2606 3476 fbntes

514 3510 828 3579 quonam
876 3506 1280 3579 quaeramus
1295 3541 1314 3571 ,
1390 3490 1523 3558 nisi
1561 3490 1682 3557 ubi
1733 3488 2104 3555 miscentur
2142 3480 2480 3555 Atlantici
2536 3502 2606 3555 et

512 3590 1000 3659 Mediterranei
1043 3596 1240 3661 maris
1284 3590 1589 3669 fluctus,
1639 3592 1709 3658 id
1753 3608 1891 3670 est,
1941 3592 2131 3679 juxta
2177 3589 2602 3684 gaditanum

596 3740 886 3817 'Theogon
912 3764 965 3799 v.
994 3744 1116 3815 248.
1187 3776 1260 3787 -—
1328 3746 1498 3801 ²lbid.
1531 3764 1580 3800 ιη
1607 3762 1736 3818 257.
1803 3774 1875 3785 --
1952 3740 2224 3806 ³Lib.1v,
2264 3761 2310 3795 e.
2341 3748 2473 3816 196.
2534 3750 2607 3786 -'—

513 3812 538 3851 ⁴
565 3817 805 3891 Theogon.
830 3838 880 3875 v.
911 3818 1034 3875 282.
1831 3848 1840 3854 ·
2123 3845 2130 3854 ·
2537 3870 2544 3875 ,

2713 512 2717 518 ’
2770 558 2773 637 ι
