2809 4642
440 374 465 419 ι
489 372 577 443 3²
1157 352 1796 421 A'DNOTATIONES

350 494 353 497 ⁴
426 465 965 549 Carthaginienses
1010 484 1369 527 consumere
1407 484 1536 525 non
1582 478 1962 547 potuerunt,
2011 464 2124 527 nisi
2167 462 2350 527 altius
2399 464 2534 529 haee

421 552 616 615 litoris
644 566 923 633 apertura
943 565 1093 613 tunc
1118 552 1407 632 temporis
1433 551 1774 622 recesserit,
1803 550 1999 611 arenis
2025 547 2309 613 nondum
2335 548 2532 613 fluvio

424 635 891 710 advectis;.aut
924 632 1211 717 permulti
1254 632 1448 697 flexus
1471 630 1894 726 permultaque
1927 636 2044 696 viae
2088 634 2532 719 impedimenta

423 741 574 785 tunc
600 722 959 783 exstiterint·

506 822 609 886 30.
654 802 1113 887 Kawpm'mpar]
1142 800 1375 865 Rursus
1400 802 1535 885 lege
1562 799 1966 884 ωτῳιάπψιν.
1991 802 2242 867 =Gesner.

506 906 607 970 3-1.
650 885 869 973 Κέρνην]
922 888 1027 951 De
1084 887 1293 951 Cerne
1321 886 1494 971 plura
1519 886 1680 969 leges
1711 886 1876 971 apud
1905 887 2210 964 Plinium,
2254 887 2364 953 lib.
2405 906 2522 967 vt,

418 998 475 1039 c.
507 994 611 1057 3⁶1,
645 992 705 1037 et
729 978 888 1035 inter
913 972 1034 1035 alia
1058 971 1286 1055 ·(·quod
1324 976 1591 1034 maxime
1627 972 1749 1033 huc
1787 969 2012 1055 facit),
2049 974 2346 1061 Nepotem
2373 976 2532 1039 Con
2596 1015 2604 1021 ·

418 1058 637 1123 aelium
657 1059 1020 1145 prodidisse,
1048 1055 1274 1121 Cernen
1296 1080 1363 1119 ex
1385 1059 1622 1121 adverso
1646 1056 1906 1121 maxime
1933 1058 2320 1144 Carthaginis
2340 1061 2524 1123 sitam

419 1168 571 1221 esse,
608 1164 648 1205 a
678 1144 1006 1206 continente
1022 1162 1239 1229 passus
1272 1140 1455 1220 mille,
1497 1164 1614 1205 non
1639 1140 1981 1228 ampliorem
2015 1143 2264 1207 circuitu
2298 1146 2534 1209 duobus

416 1228 700 1292 millibus.
745 1226 878 1290 Alii
930 1246 1090 1289 certe
1128 1226 1313 1287 aliam
1352 1224 1618 1289 insulam
1669 1226 1917 1289 Cernen
1959 1231 2304 1290 nominant.
2345 1228 2528 1309 ·Quoe

419 1318 483 1375 in
512 1316 727 1375 nostris
752 1310 1165 1396 geographicis
1190 1311 1414 1373 tabulis
1449 1315 1722 1399 pingitur
1746 1312 1988 1387 Cerne,
2034 1334 2159 1373 non
2189 1314 2523 1377 Hannonis

418 1415 526 1459 aut
566 1396 849 1459 Cornelii
890 1394 1157 1479 Nepotis
1195 1393 1405 1458 Cerne
1443 1397 1686 1458 videtur
1724 1419 1741 1457 z
1789 1394 1985 1461 multo
2027 1400 2227 1459 minus
2270 1418 2340 1460 ea
2377 1420 2522 1484 quae

420 1500 636 1545 contra
666 1487 873 1542 sinum
910 1479 1225 1543 Persicum
1274 1480 1532 1543 adversa
1562 1480 1901 1562 AEthiopiae
1938 1478 2018 1542 ab
2061 1480 2363 1566 aliquibus
2413 1482 2523 1545 de-

415 1566 699 1629 scribitur
728 1588 745 1642 ;
782 1563 893 1627 sed
927 1562 1175 1647 Polybii
1204 1563 1442 1638 Cerne,
1484 1567 1550 1625 in
1587 1583 1865 1627 extrema
1898 1566 2276 1628 Mauritania
2308 1584 2523 1633 contra

418 1668 701 1713 montem
724 1650 1041 1713 Atlantem
1060 1695 1078 1723 ‚
1115 1668 1152 1711 a
1172 1666 1335 1711 terra
1363 1647 1592 1711 distans
1617 1648 1839 1711 ⁴stadiis
1873 1666 2043 1711 octo.
2079 1648 2152 1711 In
2187 1655 2402 1714 nostris
2431 1659 2542 1714 ta-‘

416 1734 576 1798 bulis
605 1734 965 1815 Carthagini
990 1737 1055 1795 in
1071 1754 1179 1819 ora
1201 1732 1452 1799 adversa
1481 1739 1814 1817 opponitur
1829 1780 1848 1809 ,
1870 1733 2041 1817 quod
2064 1754 2293 1797 vocant
2311 1736 2520 1820 Caput

418 1820 783 1883 Formosum
806 1843 823 1878 ε
852 1820 951 1879 cui
968 1821 1175 1879 vicina
1194 1834 1285 1879 est
1299 1840 1488 1903 parva
1507 1818 1790 1903 quaedam
1819 1819 2035 1880 insula.
2073 1818 2198 1881 Sed
2221 1819 2322 1883 hic
2347 1819 2518 1885 locus

417 1904 787 1987 Carthagini
810 1905 1120 1985 oppositus
1150 1924 1188 1963 a
1209 1902 1575 1979 Columnis,
1611 1908 1674 1966 in
1704 1906 1922 1965 nostris
1949 1902 2174 1965 tabulis
2197 1952 2216 1980 ,
2261 1904 2355 1967 bis
2373 1923 2519 1968 tan-

417 2008 553 2051 tum
594 1988 821 2063 distat,
860 2004 1163 2071 quantum
1204 1987 1538 2050 Columnae
1571 2008 1608 2048 a
1653 1986 2070 2070 Carthagine:
2113 1990 2518 2071 quamobrem

419 2097 546 2138 non
573 2090 699 2137 tam
739 2070 953 2156 procul
989 2093 1331 2155 progressus
1355 2070 1602 2136 videtur
1635 2072 1872 2134 Hanno
1899 2093 1916 2147 ;
1939 2070 2117 2217 <guod
2153 2093 2228 2135 ex
2264 2096 2522 2159 sequen-

320 2168 337 2179 ·
418 2158 583 2221 tibus
622 2160 808 2220 etiam
846 2155 1205 2218 fluminibus
1230 2160 1646 2239 conjicimus:
1679 2160 1796 2219 etsi
1817 2161 1953 2217 insu
1983 2179 2020 2218 a
2047 2157 2174 2219 haec
2199 2178 2386 2243 prope
2420 2181 2519 2221 re-

413 2264 654 2306 cessum
690 2241 1011 2323 cujusdam
1047 2246 1211 2303 sinus
1251 2246 1327 2304 sit
1354 2289 1372 2317 ,
1415 2260 1484 2303 ut
1521 2238 1601 2303 cle
1647 2262 1755 2303 sua
1798 2240 2009 2303 scribit
2049 2243 2303 2305 Han-no.
2349 2241 2518 2307 Mihi

418 2327 723 2395 Cernejn
764 2330 984 2392 nostris
1007 2326 1237 2389 tabulis
1268 2326 1450 2390 altius
1474 2330 1674 2410 posita
1704 2324 1951 2389 videtur
1973 2372 1991 2402 ,
2031 2346 2217 2411 quam
2241 2346 2310 2391 ut
2332 2332 2520 2411 possit

419 2436 545 2476 esse
584 2412 916 2475 Hannonis
954 2408 1199 2485 Cerne,
1236 2433 1375 2497 quae
1415 2434 1452 2473 a
1478 2412 1632 2473 Lixo
1671 2410 1866 2473 fluvio
1897 2411 2086 2473 tridui
2125 2417 2519 2495 navigatione

312 2497 317 2502 ”
414 2497 625 2562 distat.
660 2494 1087 2575 Quaerendum
1121 2518 1199 2557 an
1238 2518 1311 2558 ea
1347 2500 1548 2579 potius
1571 2500 1674 2571 sit,
1701 2516 1838 2579 quae
1864 2516 1898 2556 a
1921 2496 2238 2559 nonnullis
2261 2498 2518 2580 Erythia

418 2599 701 2666 putatur,
737 2604 771 2642 e
818 2584 1067 2662 regione
1108 2577 1332 2643 U'sadii
1382 2583 1808 2665 promontorii.
1855 2579 2094 2645 Gesner.

481 2664 711 2745 ‘Quod
750 2687 785 2725 a
824 2664 980 2726 Lixo
1008 2664 1273 2733 diximus
1307 2686 1521 2749 parum
1563 2665 1770 2726 abesse
1807 2664 2055 2727 Cernen
2089 2686 2354 2749 arguunt
2385 2667 2514 2731 haec

423 2752 755 2813 Hannonis
794 2774 810 2810 τ
846 2748 1269 2837 Interpretibus
1296 2751 1373 2812 ab
1413 2752 1594 2839 ipsis,
1621 2748 1690 2811 id
1725 2766 1849 2824 est,
1895 2748 2204 2825 a-Lixitis,
2235 2756 2536 2840 acceptis„

418 2839 705 2898 desertam
751 2855 915 2896 oram
957 2836 1044 2896 ad
1088 2836 1383 2897 meridiem
1433 2835 1608 2905 biduo
1709 2837 2276 2920 neret-navigavimus
2298 2885 2320 2915 ,
2383 2840 2514 2901 inde

420 2943 623 2985 rursus
658 2920 745 2981 ad
764 2918 942 2980 solem
966 2920 1243 2981 orientem
1270 2921 1378 2981 iter
1400 2920 1552 2992 diei,
1599 2858 1704 2981 nli
1740 2921 1799 2981 in
1831 2921 2036 2982 intimo
2062 2943 2280 2983 recessu
2315 2927 2516 2998 cujus-

418 3007 567 3066 dam
618 3006 787 3065 sinus
830 2996 1081 3089 parvam
1132 3002 1395 3065 insulam
1439 3004 1796 3080 invenimur,
1854 3000 2041 3069 κύκλον
2061 2994 2282 3091 ἔχουσαν
2315 3003 2518 3073 maiar

427 3085 570 3150 πέντε
586 3134 605 3163 ,
640 3082 698 3153 vir
723 3087 1121 3166 κμτῳυῖσαμεν
1150 3080 1335 3168 Κέρνην
1359 3084 1724 3162 ὀνομάσαντες,
1747 3090 1975 3151 ambitu
1996 3091 2320 3152 stadiorum
2349 3095 2516 3177 quin-

424 3196 535 3258 que
556 3218 579 3248 ,
618 3174 679 3234 ὶη
723 3194 903 3256 quam
942 3171 1230 3236 coloniam
1262 3174 1644 3249 deduximus,
1703 3174 1973 3259 imposito
2009 3172 2223 3237 Cernes
2257 3181 2516 3239 nomine.

425 3256 627 3319 Addit
648 3256 810 3319 hanc
834 3257 1095 3317 insulam
1120 3255 1251 3326 ’avr’
1275 3254 1411 3321 2602>
1439 3255 1626 3334 niem
1650 3257 2003 3343 Καρχῃδῖνος,
2017 3282 2088 3321 ex
2103 3263 2340 3322 adverso
2371 3262 2517 3324 Car-

426 3342 689 3425 thaginis
701 3343 880 3406 sitam
896 3364 1037 3413 esse,
1061 3345 1206 3423 quia
1224 3359 1464 3405 tantum
1483 3342 1652 3404 abest
1673 3365 1707 3405 a
1723 3343 1876 3406 freto
1907 3343 2190 3406 Herculis
2211 3362 2516 3428 quantum

432 3426 767 3506 Carthago.
803 3424 922 3488 Pro
944 3423 1139 3493 ςειᾶἵων
1164 3424 1309 3491 πέντε
1334 3433 1397 3490 in
1427 3426 1662 3489 ambitu
1694 3427 2022 3491 Cornelius
2053 3427 2264 3512 Nepos
2287 3429 2518 3513 legerat

430 3508 628 3579 ςειδῖων
664 3506 809 3573 ‹st'm
844 3512 987 3573 πέντε
1012 3556 1031 3584 ,
1068 3509 1163 3573 vel
1194 3534 1302 3596 per
1329 3512 1532 3575 literas
1565 3512 1902 3575 numerales
1933 3510 2010 3589 ιε’,
2041 3534 2146 3596 pro
2169 3511 2228 3575 ε’.
2252 3512 2312 3575 Is
2346 3520 2518 3578 enim
2547 3544 2564 3561 ⁴

432 3598 815 3659 Hannonem
840 3594 1181 3659 exscribens
1200 3644 1218 3673 ,
1263 3614 1333 3659 ut
1357 3596 1668 3681 apparebit
1697 3597 1923 3681 legenti
1957 3598 2164 3662 locum
2193 3598 2360 3681 apud
2392 3598 2520 3663 Pli-

430 3685 637 3757 nium,
668 3680 899 3755 lib.V1,
929 3702 1058 3764 cap.
1093 3700 1124 3764 3
1144 3701 1195 3757 1,
1221 3681 1458 3744 Cernes
1483 3685 1810 3745 circuitum
1842 3680 2058 3745 definit
2091 3682 2334 3745 duobus
2369 3684 2512 3747 mil-

368 3764 375 3770 ’
425 3764 619 3839 libus,
664 3764 732 3825 id
770 3783 893 3842 est,
937 3765 1296 3851 quindecim
1334 3765 1562 3831 stadiis.
1611 3766 1789 3830 Idem
1819 3789 1858 3829 a
1893 3771 2254 3831 continente
2292 3768 2508 3835 abesse

428 3850 637 3915 scribit
669 3848 837 3916 mille
870 3871 1070 3936 passus
1096 3898 1117 3929 ,
1160 3855 1534 3941 inxextrema
1571 3852 1948 3917 Mauritania
1985 3870 2200 3918 contra
2233 3872 2516 3921 montem
