2809 4642
525 352 614 418 6-8
1086 364 1458 417 Emi-oms
1512 364 2025 415 mssssnrnm

459 488 466 495 ·
518 471 858 564 plorasse,
915 488 990 537 ut
1033 466 1236 536 urbes
1289 485 1405 544 aut
1451 468 1679 559 potius
1729 466 2036 558 emporia
2080 467 2460 545 conderet,
2522 484 2585 535 et

519 596 771 642 novam
801 569 1389 663 quaestuosissimis
1422 568 1673 659 civium
1708 567 2376 664 peregrinationibus
2406 569 2585 637 viam

519 676 811 768 aperiret
850 724 868 755 ,
948 675 1164 743 visum
1230 668 1357 741 fuit
1407 695 1633 764 operae
1682 671 1975 763 pretium
2017 719 2035 750 ,
2091 670 2147 737 si
2204 670 2581 739 etiamnum

521 778 806 873 vestigia
839 778 1041 863 hujus
1088 774 1583 866 experimenti,
1643 773 1752 841 vel
1784 773 2088 867 integra,
2129 772 2238 839 vel
2263 795 2349 840 ex
2393 793 2581 864 parte

515 880 787 959 tradita,
835 902 994 947 vere
1028 876 1406 969 supersint,
1420 874 1605 947 Qilla
1586 892 1829 942 lterum
1861 892 2068 965 atque
2100 874 2348 949 iterum
2380 898 2582 944 excu-

515 998 699 1059 tere3
751 998 829 1049 et
895 982 1059 1047 inde
1104 978 1490 1070 perdiscere
1543 999 1913 1068 quousque
1953 976 2348 1081 navigando
2414 1000 2585 1047 mer-

511 1102 809 1151 caturam
857 1105 979 1174 per
1033 1080 1451 1149 Atlanticum
1506 1102 1687 1147 mare
1750 1076 1947 1146 Poeni
1998 1072 2324 1148 fecerint.
2366 1080 2580 1149 Hunc

510 1204 739 1254 autem
799 1201 1110 1253 nostrum
1166 1180 1538 1249 Hannonis
1589 1180 1926 1272 periplum
1976 1182 2031 1248 si
2072 1198 2325 1249 attente
2362 1184 2579 1273 perle-

507 1288 692 1381 geris
739 1304 807 1355 et
841 1285 1284 1379 perpenderis
1319 1333 1338 1364 ‚
1397 1308 1544 1351 non
1586 1306 1765 1350 unus
1821 1282 2164 1349 exorietur
2216 1284 2577 1353 dubitandi

505 1391 726 1457 locus.
771 1388 1074 1456 Primum
1100 1439 1118 1470 ,
1167 1411 1254 1455 an
1289 1385 1661 1453 habeamus
1711 1385 2163 1453 narrationem
2195 1385 2372 1453 illam
2417 1386 2605 1477 ipso·

505 1492 593 1560 ab
625 1492 978 1559 Hannone
1009 1490 1355 1585 vulgatam
1388 1536 1407 1566 ,
1461 1508 1683 1555 veram
1718 1505 1787 1554 et
1820 1484 2156 1581 integram
2188 1536 2205 1565 ‚
2252 1486 2338 1555 ab
2368 1489 2574 1556 inter-

503 1612 695 1687 prete
719 1594 1020 1685 quodam
1044 1614 1263 1685 graeco
1281 1586 1570 1655 fideliter
1592 1590 1947 1657 redditam.
1994 1588 2306 1671 Deinde,
2338 1614 2572 1659 annon

503 1695 994 1787 compendium
1040 1694 1126 1759 sit
1167 1740 1186 1779 ,
1261 1690 1347 1757 ab
1384 1690 1754 1759 ,Hannone
1810 1690 1962 1781 ipso
2019 1692 2474 1786 compositum
2535 1717 2574 1760 e

499 1788 1065 1887 locupletioribus
1100 1809 1166 1859 et
1206 1792 1577 1860 reconditis
1620 1794 2053 1862 documentis
2079 1844 2097 1875 ,
2152 1818 2305 1885 quae
2343 1796 2571 1887 palam

499 1898 775 1991 prodire
813 1897 1063 1963 utilitas
1112 1893 1501 1986 reipublicae
1550 1893 1849 1965 vetabat!
1899 1892 2008 1963 Sic
2038 1897 2221 1963 enim
2263 1915 2572 1967 autumat

497 2000 927 2069 doctissimus
969 1994 1481 2091 Bougainvillius
1508 1996 1555 2065 ¹.
1589 1996 1899 2065 Tertium
1924 2046 1942 2077 ,
1992 1998 2162 2089 quid
2195 1999 2250 2067 si
2304 1999 2568 2083 Hanno
2592 1986 2607 1997 χ

496 2104 646 2194 ipse
695 2103 781 2167 de
832 2100 1163 2168 industria
1212 2099 1555 2167 miscuerit
1605 2101 1936 2167 mendosa
1996 2123 2156 2167 cum
2218 2103 2437 2181 veriS,
2492 2122 2571 2172 ut

490 2222 746 2273 ceteras
783 2218 1027 2297 gentes
1055 2200 1139 2269 ab
1178 2202 1481 2320 incoepto
1518 2200 1718 2269 simili
1754 2203 2165 2270 deterreret!
2196 2202 2565 2300 Denique,

495 2330 740 2374 nonne
767 2306 926 2384 erit,
972 2322 1048 2372 ut
1073 2305 1517 2393 conjiciamus
1555 2305 1727 2373 hanc
1756 2306 2213 2374 narrationem
2251 2331 2289 2374 a
2322 2304 2564 2378 Graeco

493 2410 794 2501 quodam
823 2432 907 2478 ex
927 2407 1186 2475 collatis
1213 2407 1372 2475 hinc
1393 2408 1589 2485 inde,
1617 2409 1850 2498 quoad
1876 2425 2144 2498 posset,
2177 2409 2564 2480 rumoribus

487 2508 695 2579 fitisse
723 2507 1137 2580 conflatam!
1191 2508 1358 2593 Qua
1396 2506 2010 2600 quidemadmissa
2045 2508 2437 2603 hypothesi,
2476 2516 2563 2581 de

491 2636 716 2681 rerum
769 2612 941 2679 serie
991 2612 1064 2679 in
1112 2611 1380 2704 periplo
1441 2629 1678 2679 nostro
1728 2610 2053 2693 definita,
2124 2616 2217 2680 de
2271 2636 2562 2685 numero

491 2714 794 2796 dierum,
850 2716 937 2811 de
989 2714 1354 2781 intervallis
1402 2714 1573 2781 datis
1620 2736 1873 2809 magna
1912 2716 2314 2784 excitaretur
2363 2718 2561 2786 dubi-

492 2817 654 2884 tatio
685 2842 701 2891 :
753 2816 819 2883 et'
847 2817 1183 2908 praecipua
1215 2819 1692 2883 tantummodo
1730 2818 2037 2907 quaedam
2080 2840 2158 2885 ac
2206 2820 2560 2889 notatione

488 2920 702 3013 digna
743 2920 828 2984 de
881 2919 1314 3009 expeditione
1367 2907 1435 2983 et
1483 2920 1570 2985 de
1624 2920 1934 2985 loco'rum
1997 2938 2233 2989 natura
2269 2972 2287 3003 ,
2354 2922 2557 2991 nobis

487 3021 652 3088 inde
695 3021 1017 3110 depromi
1072 3043 1273 3110 posse
1321 3019 1733 3088 viderentur.
1778 3018 2107 3088 Ceterum
2166 3046 2409 3092 omnes
2471 3028 2559 3095 de

485 3122 730 3215 peripli
761 3144 1040 3201 summax
1083 3123 1490 3207 conjecturae
1532 3121 1849 3212 quaelibet
1897 3125 1981 3190 ad
2039 3123 2334 3214 aliquam
2386 3150 2558 3217 prae-

483 3224 873 3290 cedentium
915 3222 1122 3291 ferme
1165 3224 1480 3290 redeunt.
1531 3222 1816 3291 Utinam
1862 3248 1947 3292 ex
1994 3243 2095 3292 tot
2149 3228 2557 3321 ambagibus

483 3342 550 3393 et
599 3324 867 3394 latebris
915 3373 934 3404 ,
994 3325 1342 3393 veritatem
1398 3347 1607 3393 unam
1670 3343 2062 3417 certamque
2125 3338 2357 3397 eruere
2389 3378 2407 3409 ‚
2488 3352 2560 3402 et

482 3446 668 3495 extra
700 3448 978 3494 omnem
1011 3426 1458 3496 dubitationis
1501 3428 1714 3496 aleam
1756 3429 2171 3498 constituere
2202 3432 2507 3502 licuisset
2538 3441 2554 3501 1

480 3529 573 3597 At
603 3529 840 3597 saltem
868 3577 884 3607 ,
943 3530 997 3596 si
1031 3529 1232 3597 nobis
1269 3547 1402 3597 tam
1434 3527 1597 3598 felix
1638 3548 1932 3625 negatur
1959 3532 2172 3600 exitus
2200 3584 2219 3615 ,
2272 3532 2366 3603 ita
2406 3558 2554 3605 rem

481 3648 764 3701 tractare
815 3630 1276 3713 tentabimus,
1339 3649 1417 3699 ut
1475 3633 1886 3719 conjectatio
1936 3656 2371 3725 unaquaeque
2430 3662 2558 3709 sua

555 3869 571 3897 ⁸
599 3866 859 3922 arsenoires
881 3870 941 3923 de
959 3868 1262 3925 l'Acade'me'e
1279 3866 1361 3923 des
1384 3868 1674 3941 inscriptions
1691 3906 1705 3928 ,
1734 3882 1861 3921 tom.
1886 3866 2073 3925 XXVI
2097 3912 2112 3936 ,
2140 3886 2255 3945 pag.
2295 3868 2380 3945 38.
