2809 4642
391 360 394 366 '
498 369 587 442 32
1031 360 1463 414 nonwatu
1518 329 2035 412 οιεεειιτΑι-ιὸ

489 489 660 565 pus,
703 490 832 563 pro
863 465 1350 560 hypothesibus
1381 463 1687 562 Virgilii,
1719 483 2101 555 eorumque
2120 459 2245 554 q‘ui
2258 481 2573 532 coaevum

489 571 806 655 Didoni,
827 570 1024 640 urbis
1049 567 1452 651 fimdatrici,
1498 565 1791 638 fecerint
1810 567 2125 635 AEneam
2132 563 2225 634 ab'
2244 563 2353 633 Ilii
2380 553 2579 634 clade

489 676 902 772 fugientem.
937 672 1172 743 Priora
1201 679 1438 742 autem
1445 675 1533 740 de
1552 671 1682 740 alia
1700 670 2069 762 Tyriorum
2086 665 2535 766 navigatione
2552 719 2572 754 ,

495 781 598 848 ni
615 776 860 859 fallor,
911 776 1363 872 intelligenda
1387 791 1598 855 sunt,
1633 789 1773 864 qua
1818 771 2141 842 Herculis
2180 768 2573 842 Columnas

493 883 678 975 ipsas
697 881 784 948 ab
802 879 1082 950 o'raculo
1101 901 1402 970 quaerere
1426 877 1870 969 jubebantur.
1882 875 2023 946 Ter
2030 876 2223 944 enim
2238 875 2316 942 id
2327 870 2574 945 fecisse

496 1000 890 1066 narrantur,
931 998 1000 1051 et
1029 981 1248 1067 semel
1281 981 1430 1049 iHas
1466 998 1654 1050 extra
1690 977 1985 1048 fretum
1964 1001 2041 1048 tn
2076 977 2434 1046 Oceano
2401 1001 2569 1098 ipso

492 1087 908 1180 quaesivisse.
945 1082 1057 1155 Sic
1103 1085 1291 1153 enim
1333 1083 1499 1153 alibi
1548 1084 1699 1177 ipse
1739 1080 2011 1153 Strabo'
2040 1130 2061 1161 ,
2118 1082 2319 1172 ‘cujus
2364 1081 2569 1150 etiam

385 1228 394 1244 ι
487 1189 966 1260 testimonium
990 1189 1126 1280 jam
1145 1187 1591 1272 adduximus,
1618 1189 1709 1255 de
1730 1186 1951 1278 Tyriis
1968 1185 2155 1266 ilias,
2186 1205 2341 1274 quae
2368 1183 2575 1253 Phoe-

495 1293 732 1362 nicum
773 1288 1170 1362 ferebantur
1187 1340 1209 1373 ,
1255 1283 1563 1359 colonias
1602 1287 1734 1360 sibi
1784 1287 2335 1360 vendicantibus.
2376 1286 2574 1356 Idem

407 1393 416 1420 '
497 1397 728 1466 tamen
759 1397 876 1464 has
907 1417 1153 1464 omnes
1181 1394 1658 1490 navigationes
1697 1384 1995 1477 ψεύσμασι
2031 1389 2411 1466 ει»οιηιιιιιο’“ἱ’ς’ι
2454 1413 2578 1459 ac-

397 1554 400 1560 .
497 1515 754 1570 censet.
770 1494 1108 1569 Videmus
1120 1519 1309 1598 ergo
1325 1518 1537 1588 quam
1558 1493 1835 1565 infirmo
1852 1493 2129 1565 tibicine
2146 1494 2397 1564 nitatur
2422 1495 2579 1563 uni-

497 1625 690 1681 versa
727 1601 844 1671 issa
871 1601 997 1692 viri
1020 1601 1256 1694 magni
1279 1599 1784 1694 argumentatio
1802 1647 1823 1680 ,
1864 1587 2005 1667 fide
2034 1621 2289 1691 nempe
2309 1594 2576 1669 Punica

497 1706 875 1775 admodum
919 1702 1242 1772 sublesta
1273 1700 1375 1769 Ut
1417 1719 1647 1770 autem
1694 1703 1781 1770 ad
1824 1700 2031 1770 verba
2062 1697 2413 1770 Strabonis
2444 1724 2575 1794 po-

499 1807 784 1878 steriora
809 1807 1168 1874 redeamus
1186 1804 1443 1912 ,longe
1462 1803 1697 1873 aberat
1718 1813 1795 1872 ut
1818 1821 2143 1896 tempora
2134 1804 2256 1874 dia
2274 1803 2575 1874 Didonis

457 1954 462 1962 ,
501 1900 918 1978 haberentur
975 1892 1661 2002 Carthaginiensium
1716 1905 2220 1978 florentissima.
2281 1906 2370 1976 Et
2425 1930 2579 1999 quae

499 2035 691 2108 aegre
725 2035 799 2090 se
841 2013 1162 2080 adversus
1201 2007 1530 2079 finitimos
1578 2012 1893 2081 tuebatur
1940 2011 2225 2108 regina,
2260 2012 2574 2078 nondum

504 2124 691 2184 certe
731 2137 856 2207 par
895 2137 1044 2184 esse
1077 2114 1308 2206 potuit
1331 2112 1773 2184 emittendis
1753 2139 1827 2184 ιιι
1860 2119 2215 2183 oceanum
2237 2113 2572 2194 coloniis;

495 2219 824 2286 nondum
853 2234 988 2286 tres
1015 2215 1375 2286 hominum
1407 2217 1737 2309 myriades
1770 2219 2079 2287 emittere
2106 2217 2361 2312 potuit,
2400 2232 2578 2310 quot

504 2329 738 2392 tamen
783 2345 857 2390 se
902 2319 1176 2390 duxisse
1201 2338 1486 2391 testatur
1516 2319 1805 2390 Hanno.
1837 2319 2051 2390 Recte
2084 2345 2255 2418 ergo
2291 2319 2577 2389 Phoeni·-

504 2447 667 2493 cum
688 2421 989 2516 fuerint,
1021 2445 1170 2490 non
1193 2422 1803 2516 Ubyphoenicum,
1841 2415 2132 2493 coloniae
2158 2424 2337 2494 hoc
2318 2447 2393 2492 ιιι
2420 2422 2579 2491 loco

504 2551 547 2597 a
572 2507 907 2598 Strabone
931 2543 1338 2596 memoratae.
1381 2526 1627 2596 Potuit
1646 2544 1877 2596 autem
1901 2525 2200 2598 fortassis
2236 2525 2580 2596 Hannoni

503 2627 714 2700 fidem
734 2629 986 2722 habere
1008 2619 1523 2713 Eratosthenes,
1552 2629 1675 2724 qui
1699 2628 1985 2699 Cernen
2006 2654 2136 2723 pro
2157 2653 2315 2699 vera
2345 2629 2585 2700 habuit

506 2734 768 2818 insula,
793 2734 906 2802 cui
935 2755 1196 2802 nomen
1227 2733 1316 2801 ab
1351 2733 1767 2803 Hannone'
1746 2757 1899 2826 rpso
1930 2735 2333 2854 impositum
2354 2749 2581 2834 narrat

505 2837 837 2931 periplus.
875 2833 982 2906 Sic
1013 2839 1293 2956 tamen,
1337 2853 1417 2904 ut
1446 2837 1619 2918 dixi,
1662 2859 1811 2906 non
1850 2837 2079 2930 potuit
2114 2837 2309 2906 iilum
2352 2857 2581 2905 annu·-

426 3011 434 3022 ,
507 2963 769 3010 merare
828 2939 1068 3032 priscis
1108 2941 1256 3032 ipse
1319 2938 1827 3008 Eratosthenes.
1888 2936 2021 3008 Sed
2089 2963 2231 3033 qua
2294 2942 2577 3008 demum

504 3041 730 3114 'fronte
770 3043 1202 3112 Hannonem
1241 3041 1677 3111 Eratostheni
1706 3043 2001 3135 objicere
2029 3043 2259 3136 potuit
2290 3040 2577 3123 Strabo,
2596 3039 2607 3046 ’

505 3147 632 3239 qui
650 3146 840 3217 hoc
821 3168 974 3238 rpso
997 3145 1287 3213 nomine
1307 3145 1871 3215 Eratosthenem
1850 3169 2079 3243 tpsum
2109 3145 2591 3246 reprehendit,¹

506 3252 728 3344 quod
743 3266 1188 3318 memoratam
1253 3230 1342 3317 ab
1383 3243 1753 3318 Hannone
1801 3251 2097 3319 insulam
2136 3247 2425 3318 Cernen
2466 3247 2584 3324 isse

505 3363 740 3424 veram
781 3327 992 3422 fitisse
1020 3341 1471 3429 credidisset!
1506 3352 1629 3447 qui
1662 3353 1797 3422 hoc
1830 3375 2113 3448 quoque
2160 3353 2384 3422 eidem
2415 3351 2581 3423 vitio

503 3456 739 3538 dedit,
783 3458 979 3547 quod
1026 3455 1425 3549 scriptorem
1464 3467 1794 3548 suspectae
1824 3454 1987 3526 fidei
2026 3455 2430 3526 Damastem
2470 3452 2613 3530 vel·

506 3559 838 3633 memoria
869 3559 1164 3656 dignum
1197 3559 1617 3629 censuisset!
1665 3557 1892 3630 Cavet
1924 3557 2217 3652 proinde
2244 3608 2263 3641 ‚
2306 3558 2539 3638 dedita
2560 3607 2581 3641 ,

315 3722 324 3730 .
425 3712 430 3717 -
505 3681 583 3732 ut
605 3663 875 3734 videtur
893 3714 912 3746 ,
941 3685 1188 3755 opera,
1210 3659 1453 3732 Strabo
1478 3662 1564 3732 ab
1593 3664 1787 3732 omni
1805 3662 2181 3754 Hannonis
2206 3662 2580 3744 mentione,

585 3887 600 3926 ἶ
629 3852 804 3950 διιαδ.
831 3891 866 3955 Ι.
893 3905 984 3970 111,
1011 3912 1130 3973 pag.
1163 3897 1292 3966 169,
1333 3913 1431 3968 ¹70
1468 3891 1561 3969 (p.
1587 3888 1721 3965 258,
1742 3889 1843 3962 Β).
1882 3923 1955 3936 -—
2000 3891 2121 3976 '’lb.
2144 3910 2196 3968 p.
2224 3911 2375 3967 ¹70·-
