2809 4642
158 3844 191 3854 ,-

1049 322 1143 379 m
1200 321 1646 384 senacssu.
2259 314 2337 381 18
2353 339 2386 379 ⁴

296 425 627 521 Philippo
674 427 807 497 hoc
851 425 1088 499 Persei
1116 446 1329 522 .patre
1376 453 1526 497 non
1577 430 1806 522 potuit
1855 431 2205 525 antiquior
2254 458 2408 505 esse

290 528 561 623 Scylax3
608 554 743 601 nec
770 532 1069 627 proinde
1108 534 1293 603 idem
1318 555 1481 603 cum
1514 532 1634 601 illo
1664 530 1908 617 fuisse,
1941 556 2156 629 quem
2187 536 2398 608 alium

288 646 616 718 amostro‘
638 636 1187 707 docti-hactenus
1218 637 1718 707 existimarunt.

333 856 382 910 s.
410 828 507 903 IX.
526 831 825 905 *Messenes*
845 846 991 903 urbis
1028 849 1232 977 rnerigo
1270 846 1428 979 mium
1449 848 1645 975 carguit
1669 846 1866 903 'saltem
1899 848 2168 922 juniorem
2207 842 2362 907 f‘uisse

1191 940 1314 999 pam
1338 940 1452 977 non·
1489 936 1546 979 a.-

388 1100 749 1187 Memorat·
783 1134 1105 1211 praeterea
1136 1135 1374 1186 noster
1414 1114 1668 1201 urbem·
1689 1116 2081 1187 'Messenen
2113 1120 2143 1151 ¹·
2171 1120 2244 1189 in
2281 1144 2386 1189 re—

286 1222 509 1319 gione
541 1220 1021 1315 Peloponnesi
1064 1220 1442 1291 Messenia.
1469 1218 1640 1287 Eam
1671 1239 1901 1289 autem
1932 1224 2194 1311 jamdiu
2225 1242 2390 1295 ante

285 1429 549 1523 olymp.
614 1433 761 1498 cll-'F
796 1428 897 1511 4¹⁰
952 1452 1144 1498 anno
1181 1426 1696 1521 Epaminondas
1719 1464 1746 1507 ·,
1822 1444 1992 1495 teste
2037 1426 2380 1500 Diodoro,

288 1532 468 1600 Non
526 1554 660 1600 me·
690 1533 967 1625 quidem
1023 1530 1203 1629 fugit
1236 1533 1325 1599 de
1365 1530 1666 1599 lectione
1705 1529 1896 1599 litem
1939 1552 2221 1601 movere
2269 1537 2386 1603 do·

288 1636 674 1705 ctissimum
706 1635 1151 1706 Palmerium.
1173 1635 1369 1721 Quia
1398 1635 1658 1704 scilicet
1689 1634 1780 1701 ab
1811 1633 2106 1704 Arcadia
2130 1687 2149 1717 ,
2185 1638 2385 1727 cujus

284 1738 537 1809 ultimo
584 1740 741 1809 loco
788 1739 1198 1811 meminerat
1231 1792 1250 1822 ,
1308 1731 1526 1819 mim
1567 1735 1922 1807 ait.fi1isse
1979 1738 2382 1811 Messenen.

288 1840 482 1913 Idem
532 1861 763 1915 tamen
812 1843 1193 1914 Palmerius
1234 1843 1310 1913 in
1352 1840 1854 1911 Lacedaemone
1895 1858 2034 1911 tam
2076 1866 2382 1913 crassum

286 1948 548 2037 ordinis
587 1950 992 2046 neglectum
1038 1946 1457 2029 observavit,
1505 1964 1586 2021 ut
1626 1946 1990 2017 crediderit
2025 1946 2256 2031 illum,
2305 1967 2386 2019 ut

282 2070 451 2145 pote
490 2049 866 2141 Asianum,
906 2053 981 2120 in
1012 2046 1490 2147 Peloponnesi
1523 2049 1952 2147 geographia
1989 2075 2137 2120 non
2169 2049 2382 2123 fuisse

286 2156 445 2225 satis
496 2158 803 2227 doctum.
846 2152 996 2226 Sed*
1016 2154 1201 2224 nihil‘
1224 2173 1332 2225 est
1371 2176 1676 2230 necesse,
1702 2171 1780 2222 ut
1821 2177 1907 2222 eo
1939 2154 2378 2253 confugeret.

280 2258 513 2329 Facile
550 2262 737 2331 enim
786 2260 1150 2330 observare
1185 2260 1452 2353 potuit,
1493 2259 1568 2327 in
1612 2256 2110 2353 Peloponneso
2152 2256 2380 2351 Scyla-

283 2385 440 2433 cem
479 2364 694 2433 urbes·
719 2365 1067 2462 insigneS,
1095 2363 1286 2434 nulla
1309 2386 1595 2457 prorsus
1619 2362 1848 2433 habita
1872 2363 2042 2433 situs
2073 2364 2339 2433 ratione
2358 2416 2376 2449 ,

283 2483 375 2534 ut·
411 2467 647 2537 animo
686 2470 836 2560 ejus
877 2468 1371 2552 occurrebant,
1419 2488 1800 2537 recensere.
1833 2466 2004 2541 Nec.
2037 2469 2124 2535 ad
2167 2468 2374 2537 situm

278 2571 641 2663 spectabat
696 2596 833 2642 vox
882 2571 994 2644 illa
1033 2568 1221 2652 ’πρώτη
1249 2622 1271 2653 ,
1329 2574 1452 2641 sed
1495 2573 1582 2639 ad
1625 2570 1832 2639 urbis
1863 2570 2094 2662 potius
2143 2571 2378 2669 digni-

279 2693 513 2746 tatem.
556 2678 800 2761 Quod,
822 2675 1081 2746 scilicet
1114 2676 1279 2746 urbs
1310 2676 1461 2769 ipsa
1493 2674 1824 2743 Messene
1854 2674 2165 2771 regionis
2198 2694 2378 2745 esset

274 2778 649 2850 Messeniae
690 2780 1037 2875 primaria.
1089 2778 1207 2848 Ita.
1238 2779 1436 2849 nulla
1477 2800 1760 2871 prorsus
1811 2777 1936 2845 erit
1987 2777 2199 2861 ratio,
2249 2802 2376 2849 cur

279 2884 375 2949 de
415 2882 710 2956 lectione
736 2884 1108 2955 dubitetur.
1148 2885 1336 2953 Tum
1373 2906 1537 2953 vero
1568 2881 1862 2951 desierat
1893 2880 1970 2948 in
2007 2881 2179 2950 vivis
2223 2906 2379 2957 esse

276 2984 541 3055 Darius
583 2988 896 3070 Nothus‚
935 2990 1049 3058 cui
1092 2990 1479 3059 secundum
1523 2982 1754 3067 illum,
1799 3006 2012 3077 quem
2052 2982 2374 3083 fingunt,

274 3086 628 3183 Scy-lacem
666 3090 1013 3189 periplum
1053 3116 1250 3162 suum
1301 3089 1728 3182 inscripsisse
1757 3088 2028 3159 volunt.
2078 3088 2181 3159 Ita
2219 3092 2378 3159 nul-

272 3193 428 3261 lum
473 3196 601 3273 erit
638 3197 725 3264 ab
762 3194 1062 3289 Olynthi
1102 3196 1461 3265 mentione
1497 3210 2028 3290 argumentum,
2064 3216 2225 3261 cum
2261 3194 2374 3264 vel

272 3320 367 3365 ex
415 3296 545 3367 hac
588 3300 949 3371 Messenes
988 3301 1345 3370 mentione
1396 3313 1669 3367 constet
1706 3313 2020 3367 nostrum
2076 3294 2391 3390 Olynthi,

270 3400 474 3481 clade
514 3402 729 3475 fuisse
772 3404 1145 3494 juniorem.
1190 3402 1382 3473 Hinc
1428 3418 1616 3470 certo
1665 3417 1976 3495 constat,
2027 3396 2394 3492 Scylacem.

268 3521 590 3574 nostrum
635 3531 785 3577 non
830 3532 977 3579 esse
1020 3506 1488 3599 antiquiorem
1530 3504 2015 3598 Epaminonda
2041 3555 2059 3585 ,
2107 3519 2183 3570 ut
2227 3492 2402 3575 vult?

265 3607 383 3691 cl..
428 3598 831 3681 Gronovius
866 3639 881 3691 ;
936 3636 1067 3683 nec
1101 3611 1235 3683 tale
1269 3609 1442 3702 quid
1485 3634 1522 3677 e
1569 3610 1926 3679 mentione
1972 3604 2372 3679 Thebarum

268 3713 404 3781 sub
439 3708 643 3799 τεὶχες
686 3717 972 3787 nomine
1020 3740 1164 3787 esse
1200 3714 1693 3811 colligendum.

348 3878 369 3919 .’
390 3866 619 3945 Scylax,
649 3892 699 3948 p.
730 3876 791 3929 16
812 3873 1009 3955 {Huda
1072 3932 1080 3943 ,

402 4018 433 4061 0
