2809 4642
488 296 512 338 1
538 274 625 361 58
1200 284 1370 337 JAC.
1439 284 1845 340 Gnonovn

473 382 839 449 tantundem
866 380 1275 465 intelligerent
1296 429 1315 459 ,
1348 380 1596 447 fortasse
1618 384 1995 467 temporibus
2023 383 2277 449 demum
2303 384 2552 449 Caesaris

474 471 879 535 Constantini
903 467 1530 551 Porphyrogennetae,
1557 491 1684 553 quo
1710 474 1873 552 regia
1905 474 2274 533 auctoritate
2303 494 2378 534 ex
2411 492 2556 553 pra:-

470 557 853 619 stantissimis
878 552 1269 634 scriptoribus
1290 552 1628 616 laudabilia
1651 558 1892 637 excerpi
1919 554 2136 617 solent.
2164 556 2332 633 Quae
2355 558 2558 617 omnia

470 661 537 704 et
558 638 797 721 singula
821 660 935 721 ego
953 636 1365 713 considerans,
1389 660 1600 721 pravas
1626 638 1704 703 de
1733 638 1970 703 Graecis
1985 645 2359 723 suspiciones
2383 639 2556 703 facile

472 726 637 789 illius
670 729 781 787 viri
818 722 1252 787 consuetudini
1291 722 1524 787 donare
1557 728 1770 807 potui,
1821 744 1882 787 et
1921 724 2000 787 ad
2031 729 2199 789 varia
2241 724 2558 787 attendens

475 811 681 873 multis
708 808 974 893 partibus
1007 812 1194 869 malui
1226 808 1510 892 gratulari
1551 815 1802 871 invento
1825 830 1885 873 et
1917 809 2088 873 edito
2117 833 2222 893 per
2245 808 2560 873 Davidem

472 894 903 959 Hoeschelium
938 892 1217 974 Scylaci‚
1262 914 1446 977 quarn
1479 915 1708 957 temere
1745 893 2034 957 insultare
2059 896 2210 971 illis,
2242 917 2401 979 quos
2439 918 2560 957 non

473 1001 766 1041 noveram
792 985 1155 1061 peccavisse.
1188 980 1594 1061 Jamprimum
1626 1002 1818 1063 quum
1857 981 2090 1041 nudam
2125 985 2185 1041 in
2229 1002 2304 1042 eo
2343 1002 2417 1042 ac
2459 979 2563 1042 de·

474 1083 694 1127 sertam
744 1062 1183 1143 contemplarer
1222 1064 1621 1144 Hispaniam,
1670 1064 2274 1147 Carthaginiensium
2309 1070 2564 1148 imperia

474 1150 645 1211 nulla
696 1148 786 1210 ibi
828 1152 1066 1229 agnita,
1120 1146 1512 1210 solummodo
1552 1153 1614 1209 in
1655 1148 2024 1232 quibusdam
2065 1150 2257 1213 litoris
2294 1150 2563 1234 partibus

474 1232 773 1295 nonnulla
807 1256 1014 1296 eorum
1041 1235 1344 1315 emporia,
1388 1236 1640 1317 nequivi
1675 1238 1996 1317 imaginari
2035 1233 2100 1296 id
2138 1234 2296 1296 adeo
2335 1235 2566 1317 simpli·
2627 1268 2632 1275 ·

474 1324 626 1381 citer
660 1337 965 1379 narratum
1002 1317 1199 1381 celare
1241 1315 1549 1393 fraudem,
1589 1322 1636 1379 si
1675 1318 1827 1380 nihil
1857 1319 2064 1391 aliud,
2099 1323 2244 1403 quia
2283 1341 2372 1381 res
2413 1324 2568 1381 tanti

474 1425 605 1467 non
646 1421 771 1465 erat
786 1426 805 1477 3
860 1423 1041 1487 atque
1084 1400 1249 1463 unde
1297 1403 1586 1485 colligere
1633 1404 1819 1465 malui
1868 1422 2107 1467 aetatem
2137 1404 2310 1482 hujus
2357 1409 2563 1487 scripti

470 1486 767 1551 excedere
796 1487 951 1549 ultra
978 1486 1586 1566 Carthaginiensium
1611 1492 1674 1550 in
1711 1489 2078 1573 Hispaniam
2115 1487 2568 1570 expeditiones,

474 1594 549 1635 ac
586 1577 913 1655 praesertim
943 1570 1150 1632 Barcae
1194 1570 1566 1633 Hamilcaris
1608 1591 1883 1656 tempora
1907 1620 1924 1648 ,
1973 1595 2108 1658 quae
2147 1591 2388 1635 constat
2434 1586 2566 1658 post

470 1658 707 1719 bellum
738 1662 1047 1740 punicum*
1068 1660 1329 1737 primum
1356 1654 1558 1719 fuisse.
1597 1658 1830 1721 Rursus
1865 1658 2036 1743 quod
2067 1657 2428 1720 Brundisini
2463 1680 2566 1743 op-

473 1742 605 1827 pidi
629 1744 884 1824 gloriam
908 1763 977 1801 ex
1006 1744 1304 1802 continuo
1327 1748 1582 1820 trajectu
1608 1748 1668 1803 in
1689 1744 1946 1826 Epirum
1969 1765 2042 1805 ne
2061 1746 2268 1825 tangat
2291 1742 2564 1826 quidem,

477 1828 710 1889 nullam
740 1830 801 1886 in
828 1847 903 1886 eo
938 1824 1334 1887 calliditatem
1360 1849 1699 1909 supponere
1725 1832 1931 1911 potui,
1957 1846 2138 1911 atque
2162 1828 2320 1889 adeo
2349 1828 2565 1909 collegi

466 1930 620 1993 ante
648 1912 1072 1972 Romanorum
1102 1912 1542 1991 potentiam·ad
1567 1934 1670 1975 eos
1699 1931 1924 1975 tractus
1957 1932 2267 1973 extensam
2301 1918 2566 1975 conscri-

476 2016 671 2081 ptum.
718 1995 907 2056 Porro
945 1992 1112 2077 quod
1160 1994 1542 2076 Lysimachia
1589 1997 1757 2069 nulla
1784 1998 1875 2058 illi
1912 2015 2093 2072 nota,
2127 2000 2314 2058 etiam
2346 1996 2568 2059 Antio-

476 2082 619 2144 chia
651 2080 885 2163 Syriae,
936 2083 1119 2141 etiam
1158 2080 1634 2157 Thessalonica,
1681 2100 1892 2144 contra
1931 2081 2244 2164 Olynthus
2272 2081 2566 2143 ,nondum

480 2188 685 2230 eversa
704 2212 721 2238 ,
738 2170 922 2226 etiam
953 2162 1189 2227 Thebae
1214 2164 1414 2227 adhuc
1443 2163 1616 2254 τεῖχος
1641 2186 1878 2229 tanturn
1898 2168 2020 2247 (1);
2047 2166 2278 2228 nullam
2301 2172 2481 2247 potui
2505 2172 2562 2230 in

482 2256 567 2313 eis
599 2248 844 2311 odorari
874 2251 1155 2308 astutiam
1176 2293 1193 2321 ,
1230 2267 1290 2310 et
1322 2249 1465 2311 hinc
1497 2274 1621 2312 non
1661 2251 1846 2313 modo
1881 2270 2023 2313 ante
2053 2250 2146 2313 vel
2171 2272 2564 2326 successores,

480 2336 579 2399 vel
612 2332 1032 2395 Alexandrum
1059 2334 1283 2415 ipsum,
1314 2334 1418 2395 sed
1447 2340 1629 2396 etiam
1655 2354 1794 2395 ante
1825 2336 2173 2419 Philippum
2205 2340 2564 2417 (praesertim

483 2443 560 2483 ne
579 2418 745 2481 Pella
760 2416 1009 2500 quidem
1040 2422 1301 2498 gloriose
1318 2423 1686 2500 nominata),
1707 2423 1889 2483 etiam
1907 2440 2048 2483 ante
2069 2420 2566 2503 Epaminondam

481 2506 804 2566 florentem
832 2521 892 2564 et
916 2502 1165 2564 Thebas
1198 2508 1530 2587 erigentem
1550 2551 1570 2579 ,
1598 2509 1882 2587 suspicari
1907 2511 2144 2588 scripta.
2168 2504 2353 2583 Quid
2377 2530 2564 2591 quum

479 2588 765 2667 nondum
801 2610 875 2650 ex
908 2587 1104 2651 Adria
1149 2592 1309 2651 circa
1363 2587 1605 2651 Padum
1651 2595 1874 2667 ejectos
1911 2592 2134 2652 scribat
2185 2590 2567 2672 Tyrrhenos.

485 2674 652 2737 unde
674 2690 1006 2757 postremos
1034 2673 1111 2733 ab
1150 2674 1504 2736 Senonibus
1529 2675 1806 2758 expulsos
1829 2693 2081 2737 testatur
2111 2674 2407 2757 Polybius
2438 2701 2456 2738 ε
2491 2699 2561 2739 an

482 2760 549 2823 id
587 2756 968 2821 fraudulente
994 2762 1177 2820 etiarn
1206 2758 1283 2819 ab
1316 2758 1589 2823 Graeculi
1621 2764 1964 2843 posterioris
1995 2763 2246 2842 ingenio
2285 2764 2566 2845 interpre-

483 2844 782 2907 tabimur!
810 2844 979 2906 Hinc
1012 2862 1321 2907 crescente
1352 2849 1717 2928 vigenteque
1753 2844 2368 2908 Lacedaemoniorum
2395 2866 2567 2930 pote-

482 2948 637 2991 state
678 2933 977 2991 evincitur
1016 2928 1114 2989 hic
1140 2927 1383 3013 libellus
1405 2934 1780 3011 compositus
1817 2929 1894 2989 ab
1929 2930 2226 3012 Scylace,
2260 2953 2368 2993 ‚seu
2394 2954 2564 3005 vero,

484 3038 590 3077 seu
624 3032 929 3095 assumpto
971 3014 1187 3074 illustri
1222 3016 1508 3089 nornine,
1547 3032 1613 3074 ut
1648 3037 1772 3076 non
1814 3017 1878 3074 in
1917 3014 2199 3075 omnibus
2241 3007 2296 3076 e'i
2339 3038 2565 3077 conve·-

485 3104 615 3163 nire
643 3121 783 3160 cum
816 3097 1203 3180 fragmentiS,
1230 3104 1363 3179 qua'e
1394 3120 1464 3159 ex
1502 3104 1690 3163 veteri
1728 3097 1986 3179 Scylace
2021 3103 2317 3173 citantur,
2365 3105 2468 3163 vix
2493 3106 2566 3162 sit

483 3206 701 3258 causa,
728 3176 911 3267 quarn
944 3185 1146 3242 mirari
1174 3180 1510 3244 admodum
1543 3188 1619 3245 sit
1657 3205 1923 3259 necesse3
1974 3202 2034 3245 et
2070 3187 2282 3269 utique
2323 3188 2566 3247 initium
2653 3257 2663 3263 ‚

488 3269 763 3331 Troadis
783 3285 917 3351 post
944 3265 1237 3348 Abydum
1264 3272 1544 3329 statuitur
1573 3272 1636 3329 in
1662 3269 1780 3331 hoc
1810 3274 2066 3352 scriptu,
2104 3289 2285 3351 prout
2308 3292 2381 3331 ex
2417 3270 2570 3353 Scy-

484 3356 619 3418 lace
648 3350 1073 3435 Caryandensi
1110 3356 1344 3414 notavit
1371 3353 1616 3415 Strabo.
1663 3353 1900 3415 Invitus
1938 3358 2102 3417 enim
2137 3353 2386 3437 adspexi
2415 3356 2594 3418 Vos-⁸

484 3447 646 3503 sium
679 3458 909 3522 patrem
958 3437 1321 3499 scribentem
1360 3440 1381 3519 (
1413 3439 1916 3521 cumqueeidem
1962 3438 2254 3501 Straboni
2293 3439 2400 3501 lib.
2431 3458 2569 3503 XIII

490 3526 719 3611 Scylax
764 3522 993 3587 dicitur
1026 3526 1271 3585 initium
1311 3545 1523 3608 capere
1573 3524 1858 3587 Troados
1908 3524 1987 3587 ah
2020 3523 2274 3609 Abydo.
2321 3523 2397 3586 In
2449 3548 2571 3611 quo

562 3716 639 3789 (ι)
677 3713 925 3769 Errorem
959 3711 1049 3766 hic
1082 3708 1373 3777 Gronovii‚
1412 3730 1733 3789 pravamque
1772 3712 1874 3769 loci
1905 3717 2393 3790 interpunctionem
2432 3714 2576 3770 dele-

489 3795 679 3849 vimus.
704 3782 867 3848 Conf.
894 3781 1100 3846 Praefat.
1124 3802 1287 3843 nostr.
1311 3790 1368 3841 in
1386 3786 1603 3862 Scylac.
1625 3798 1672 3851 S.
1693 3786 1787 3845 Xl.
