2809 4642
516 248 527 273 x
1106 251 1116 259 .

922 326 1016 379 m
1046 322 1532 391 -chLACE-M.·
1565 298 1569 305 '
1659 290 1674 311 '
1837 334 1841 339 ’
2050 284 2056 315 ¹
2116 329 2263 403 357

214 424 273 491 ad
294 422 607 487 Naronem
630 423 889 487 fluvium
914 440 975 485 et
992 422 1075 487 ad
1096 424 1418 492 Nat-onam
1443 422 1732 489 coloniam
1747 422 2051 487 devenias.
2066 424 2263 510 Atqui

214 508 663 571 ulteriusetiam
712 508 790 571 ad
833 508 1146 573 meridiem
1188 507 1563 592 pergendum
1599 525 1720 583 est,
1769 527 1837 580 ut
1879 509 2264 591 peninsulam

213 596 387 669 istam,
418 616 605 679 quam
631 592 851 677 Hyllin
880 616 1003 657 esse
1024 594 1271 668 volunt,
1304 598 1581 677 reperias.
1613 593 1888 660 Multum
1911 616 2156 679 quoque
2171 593 2264 659 ⁴ad

212 676 264 739 id
294 676 654 740 firmandum
690 678 984 762 Dionysii
1024 678 1129 761 (a)
1165 676 1349 742 verba
1388 677 1597 741 valent
1631 703 1649 739 t

231 786 237 797 ’
386 800 567 863 Κεῖθεν
596 790 671 859 ‹P’
698 797 781 867 εἷς
805 786 987 882 αόγὲξ
1013 782 1237 880 capistri
1263 790 1612 879 werdpewq
1635 788 1794 875 αἶλμη
1821 846 1838 878 ,

390 878 555 952 &Tuae
586 877 1233 983 ὖπυξόρυσαΝΛιζυρείᾶἃς
1250 930 1269 959 ,
1296 877 1452 962 οἱμφί
1479 882 1548 944 τ’
1585 880 1816 962 ἑρυωιῗν’

385 966 623 1029 ’Υλλείων
652 968 816 1047 χθόνα
842 993 1041 1041 τασαν,
1073 992 1154 1033 oon
1186 966 1567 1047 wey-duem
1597 968 1797 1048 ίδθμῷ,

384 1048 695 1132 Βουλιμέων
716 1051 787 1113 τ’
813 1050 999 1121 ἀκτάς.
1167 1078 1175 1083 ·

209 1169 329 1233 Inde
367 1190 563 1237 autem
607 1175 629 1257 (
666 1198 740 1237 ex
792 1178 927 1239 imis
966 1174 1272 1239 Adriatici
1317 1179 1496 1237 maris
1549 1174 1818 1257 partibus
1863 1161 2265 1258 circa-Aqui'·

206 1254 336 1323 leam
372 1259 393 1339 )
434 1262 519 1321 ad
566 1280 841 1323 auroram
896 1284 1227 1323 conversum
1286 1258 1751 1325 circunwolvitur
1791 1260 1984 1321 salum
2014 1306 2036 1335 ,
2087 1258 2263 1323 litora

207 1340 493 1405 subradens
549 1341 873 1407 Liburnica
906 1392 926 1423 ,
981 1346 1305 1428 circumque
1345 1346 1598 1421 firmam
1649 1344 1730 1406 Η
1711 1342 2008 1425 ylleorum
2051 1360 2268 1409 terram

206 1447 403 1487 omnem
423 1475 443 1501 ‚
488 1424 860 1513 quaecumque
904 1432 1135 1512 adjacet
1180 1428 1391 1491 isthmo
1406 1476 1430 1505 ,
1485 1446 1542 1489 et
1587 1430 1806 1489 circum
1855 1428 2268 1491 Eutime-orum.

207 1506 373 1571 litora.
423 1510 589 1575 Illud
636 1518 823 1597 magis
870 1534 942 1576 ac
982 1518 1169 1595 magis
1216 1512 1624 1587 demonstrat,
1672 1512 1830 1579 hanc
1879 1509 2261 1593 peninsulam

209 1590 399 1675 Hyllin
458 1600 638 1659 nimis
691 1597 1009 1659 meridiem
1051 1620 1254 1660 versus
1300 1615 1599 1659 remotam
1648 1594 1870 1673 fuisse,
1923 1614 1982 1657 et
2033 1612 2263 1659 temere

206 1697 348 1751 cum„
372 1679 491 1745 alia
541 1680 859 1765 peninsula
908 1680 1221 1745 confusam
1252 1728 1273 1757 ,
1312 1703 1450 1743 nem
1497 1703 1530 1740 e
1557 1680 1803 1764 „quod
1857 1678 2084 1761 Scylax
2135 1684 2261 1763 ipse

204 1757 338 1827 hanc
388 1764 637 1827 alt‘eram
694 1766 1075 1849 peninsulam
1130 1764 1286 1827 infra
1336 1766 1434 1827 lau
1486 1769 1716 1838 averit,
1777 1781 1838 1827 et
1886 1768 1958 1825 in.
2013 1768 2262 1845 regione

205 1844 565 1911 Nestaeorum
624 1850 1037 1931 collocaverit.
1104 1851 1259 1911 Haec
1316 1850 1504 1913 altera
1563 1847 1880 1929 peninsula
1939 1848 2266 1930 respondet¹
2330 1912 2334 1921 ,

203 1948 415 2008 prorsus
449 1934 783 2016 peninsulae
815 1934 1125 1997 hodiernae
1160 1936 1223 1997 di
1258 1932 1638 1997 Sabioncello.
1679 1930 1781 1995 Cf.
1820 1949 1930 1995 not
1973 1951 2079 1995 101
2102 1978 2120 2005 ,
2152 1932 2262 1997 ubi
2357 2008 2360 2015 .

203 2033 419 2077 causam
462 2022 677 2081 erroris
709 2020 883 2097 hujus
920 2016 1117 2081 forsan
1158 2017 1684 2101 deprehendimus».
2182 2084 2188 2097 ,

218 2101 225 2111 '
276 2098 557 2163 Ceterum
604 2108 861 2185 optimas
903 2107 1392 2187 nuperrimasque
1431 2102 1666 2201 tab¹ulas
1719 2121 1923 2185 geogr.
1971 2100 2068 2185 (h)
2120 2124 2264 2167 cum

208 2178 451 2265 Scylacis
502 2187 701 2251 verbis
740 2184 1077 2250 conferenti
1114 2186 1573 2267 conjiciendum
1617 2202 1740 2261 est,
1783 2202 1889 2246 aut
1937 2182 2293 2267 Scylacem‘

200 2286 453 2335 naturam
508 2270 789 2335 locorum
842 2277 1100 2335 omnino
1146 2276 1450 2355 ignorasse
1482 2318 1500 2347 ,
1551 2287 1657 2333 aut
1705 2286 2262 2351 mutatos-prorsus

200 2346 381 2429 locos,
403 2374 463 2418 ‚et
486 2357 866 2439 peninsulam
892 2378 1172 2439 magnam
1194 2355 1532 2418 exundanti
1561 2357 1711 2416 mari
1743 2353 2024 2417 obrutam
2048 2351 2264 2431 fuisse,

200 2434 518 2522 insulasque
592 2440 679 2501 ihi
748 2441 946 2524 plures
1012 2445 1169 2503 inter
1234 2440 1454 2503 fluctus
1521 2442 1862 2501 eminuisse.
1938 2436 2261 2501 Vadosum

200 2537 415 2598 prorsus
451 2525 749 2587 orientale
784 2524 958 2605 hujus
1000 2530 1176 2586 maris
1213 2524 1388 2596 litus,
1429 2522 1508 2585 de
1546 2546 1669 2607 quo
1711 2522 1840 2583 haec
1873 2521 2085 2605 scribit
2130 2521 2261 2585 Pli-

196 2606 320 2672 nius
362 2609 452 2693 (c)
496 2634 511 2671 ε
549 2605 775 2693 Illyrici
816 2612 1077 2691 (maris)
1122 2630 1223 2671 ora
1260 2606 1420 2671 mille-
1451 2606 1710 2693 amplius
1751 2605 1962 2691 insulis
1985 2608 2261 2691 frequen-

198 2704 376 2763 tatur,
412 2710 626 2757 natura·
661 2696 864 2758 vadosi
898 2696 1109 2769 maris,
1152 2694 1551 2777 aestuariisque
1583 2693 1740 2755 tenui
1771 2690 1933 2753 alveo
1983 2692 2262 2755 intercur-

193 2775 460 2842 santibus.
498 2776 626 2839 Sed
650 2798 803 2859 aegre
842 2796 1043 2841 tamen
1082 2782 1448 2857 conjicerem
1482 2792 1722 2839 tantum
1753 2774 1946 2857 camel
1974 2773 2167 2840 smu'm
2195 2781 2260 2845 in

194 2854 513 2925 Dalmatiae
564 2860 741 2924 li'tore
780 2862 995 2938 fuisse,
1040 2861 1119 2923 de
1168 2884 1293 2944 quo
1337 2883 1548 2923 omnes
1595 2863 1829 2921 sileant.
1951 2877 1976 2919 t
2025 2878 2093 2920 ut
2123 2864 2259 2948 fit,

196 2960 373 3021 quum
419 2946 638 3010 insulas
676 2951 1005 3029 praecipuas
1050 2964 1230 3009 antea
1272 2962 1334 3007 et
1375 2964 1584 3029 postea
1629 2962 1829 3007 noster
1879 2946 2260 3026 depinxerit,

196 3040 253 3085 at
286 3026 370 3087 ibi
410 3030 635 3092 nullam
670 3031 1012 3096 laudaverit
1053 3030 1198 3112 (ubi
1235 3029 1548 3115 permultae
1585 3031 1794 3109 sunt),
1839 3028 1944 3091 sed
1975 3050 2261 3109 magnam

195 3114 555 3188 peninsulam
596 3113 1064 3193 tantummodo,
1110 3112 1490 3198 videtur—ille
1527 3113 1710 3193 longe
1747 3111 1930 3175 aliam
1981 3112 2262 3175 locorum

194 3210 455 3261 naturam
488 3197 743 3275 referre,
798 3220 857 3263 et
904 3204 965 3263 in
1007 3221 1113 3261 sua
1150 3198 1482 3281 Hyllorum
1515 3197 1833 3281 peninsula
1868 3216 1999 3260 tum
2047 3218 2261 3259 omnes

190 3278 402 3343 insulas
433 3288 755 3350 recentiori
784 3284 953 3349 Zara
986 3283 1319 3365 obpositas,
1359 3302 1491 3343 tum
1547 3281 1817 3365 Ugliano
1831 3326 1855 3358 ,
1895 3280 2163 3346 Melada
2197 3300 2258 3343 et

188 3357 351 3427 Isola
384 3366 641 3445 Grossa,
670 3373 841 3453 quasi
874 3366 1207 3433 includere.

273 3446 525 3513 Videtur
554 3452 739 3531 ¹hujus
788 3450 1117 3535 peninsulae
1167 3450 1418 3513 isthmus
1471 3454 1764 3513 coarctari
1805 3449 1882 3511 ab
1931 3452 2057 3509 imo
2117 3450 2264 3507 sinu.

190 3533 295 3611 qui
323 3532 523 3599 urbem
545 3538 879 3620 Novagrad
894 3536 1090 3602 adluit
1113 3582 1131 3611 ,
1175 3557 1363 3617 usque
1392 3532 1470 3595 ad
1509 3534 1712 3596 lacum
1761 3534 1978 3597 Urana
1997 3578 2022 3608 ,
2052 3534 2264 3614 proxim

187 3634 359 3675 mum
383 3620 511 3681 urbi
545 3618 712 3684 Zara
758 3622 1024 3691 Vecchia.
1042 3619 1147 3683 Cf.
1169 3620 1570 3683 Mannertum
1593 3616 1633 3680 1.
1658 3641 1711 3680 c.
1737 3640 1795 3700 p.
1817 3636 1960 3702 291.

241 3772 312 3823 (a)
339 3772 388 3813 v·
408 3778 509 3831 384,
526 3792 616 3834 sqq.
1254 3779 1357 3833 8⁰lf‘
1384 3778 1432 3819 de
1459 3776 1612 3824 Venlse,
1633 3789 1706 3830 par
1727 3775 1797 3815 M,
1815 3774 2038 3825 Gauttier,
2057 3776 2265 3829 capimine

243 3828 313 3880 (b)
343 3830 465 3875 Conf.
500 3836 613 3877 Cam
640 3835 685 3879 de
700 3838 740 3879 la
760 3835 1075 3882 Mediterranea»,
1116 3849 1187 3889 par
1260 3836 1313 3875 de
1332 3836 1521 3875 vaisseau
1539 3862 1551 3881 ‚
1574 3846 1624 3873 en
1650 3832 1771 3873 1820.

190 3880 526 3933 Rizzi-Zannoni
547 3892 755 3947 etLapie,
780 3892 917 3943 1808;
948 3900 987 3933 et
1004 3895 1121 3937 Cane
1134 3895 1185 3935 du
1318 3890 1377 3943 (c)
1404 3890 1499 3961 μί).
1521 3901 1572 3930 ιιι
1588 3917 1602 3939 ‚
1620 3900 1708 3942 cap.
1727 3886 1794 3929 26.
