2809 4642
506 324 651 417 378
1234 318 1867 395 Annona-tomas

498 437 826 525 permultas
875 456 1093 521 graecas
1140 442 1416 503 civitates
1469 434 1612 505 hinc
1665 439 1814 504 inde
1859 439 2086 523 Scylax
2138 439 2302 524 apud
2351 456 2538 504 ceteras

500 542 709 607 gentes
746 526 1185 599 nominaverit,
1224 546 1361 609 quae
1390 525 1691 589 Graeciam
1717 531 1904 609 ipsam
1927 548 2052 588 esse
2081 530 2337 587 omnino
2373 530 2544 587 existi·

500 626 633 689 mat
676 612 699 692 (
730 628 873 670 narn
912 605 1163 677 Ἐλλαίῶς
1194 632 1419 671 nornen
1444 656 1462 685 ‚
1507 609 1811 695 quidquid
1837 612 1958 674 loci
1991 632 2251 694 graecarn
2280 614 2541 694 originem

500 692 747 767 habuit,
797 698 860 755 in
909 714 971 755 se
1017 692 1443 777 complectitur
1482 697 1534 777 ),
1585 717 1750 758 nunc
1797 699 2186 771 continuam,
2231 716 2340 759 nec
2386 698 2545 756 inter-

501 796 741 861 ruptam
800 800 1127 860 graecarum
1182 782 1500 843 civitatum
1540 785 1751 843 seriem
1790 778 2160 863 descriptum
2204 783 2277 841 iri
2318 784 2544 843 nuntiat.

502 861 615 925 Est
657 861 843 931 Ἑλλιὶς
885 861 1097 948 συνεχῖς
1128 863 1374 945 gallice,
1421 863 1482 926 la
1523 862 1708 928 Grbce
1741 866 2021 945 firmant
2057 890 2135 926 zm
2185 886 2360 950 corps.
2400 861 2547 925 Idem

502 945 969 1029 intelligendum
994 947 1212 1022 tradit,
1248 966 1307 1010 et
1330 946 1766 1014 iisdem-verbis
1790 949 2189 1012 Dicaearchus
2218 950 2353 1031 (a),
2393 969 2545 1032 quem

506 1031 669 1093 male
695 1036 876 1095 vertit
897 1049 1071 1095 vetus
1098 1036 1387 1115 interpres
1411 1038 1496 1095 sic
1523 1057 1539 1094 t
1569 1032 1809 1097 Graecia
1837 1034 1914 1095 ab
1936 1034 2265 1096 Ambracia
2289 1056 2401 1097 esse
2423 1034 2547 1095 vide-

506 1132 606 1178 tur
630 1119 886 1179 maxime
904 1134 1155 1179 extensa.
1188 1116 1426 1180 Confer
1448 1114 1603 1179 infra
1628 1136 1756 1181 not.
1793 1117 1935 1201 348.

602 1218 737 1281 153.
781 1196 1061 1284 ‘Opwm'yJ
1108 1200 1296 1285 Apud
1348 1220 1619 1277 ceteros,
1669 1206 1720 1264 si
1765 1202 2037 1264 Plinium
2089 1200 2552 1286 stephanumque

506 1289 801 1389 excipias,
821 1287 1184 1348 Homolium
1206 1307 1380 1348 mons
1404 1286 1838 1349 tantummodo
1860 1304 1965 1350 est.
2005 1286 2219 1363 Quem
2244 1284 2452 1349 Strabo
2475 1285 2556 1367 (b)

504 1367 752 1445 Ὀμολιον
780 1370 880 1433 vel
900 1368 1123 1447 Ὀμόλιν
1142 1369 1440 1453 adpellat3
1479 1370 1846 1434 Theocritus
1870 1375 1988 1454 (c),
2011 1366 2254 1444 Ὀμόλας
2273 1366 2452 1449 ε”ρρισὲν
2475 1368 2553 1431 m'·
2616 1381 2622 1388 '

508 1456 628 1528 ὢν,
656 1453 816 1537 apud
843 1478 1024 1539 quem
1054 1454 1402 1518 scholiastes
1439 1459 1556 1531 sic,
1601 1452 1839 1533 Ὀμόλας
1870 1453 1934 1517 δῖ
1955 1448 2252 1525 efflemina-
2279 1445 2434 1534 3295,
2454 1444 2556 1516 ἔνθα

509 1535 727 1619 ”paim
750 1539 777 1600 ὁ
798 1540 945 1611 Heia
971 1539 1367 1603 Dicaearchus
1392 1542 1527 1624 (d),
1549 1539 1804 1620 ὀμὸληνς
1833 1541 2164 1605 Pausanias
2182 1542 2305 1623 (e),
2325 1538 2555 1617 ‘O'uo‘mu

508 1640 570 1684 et
630 1622 809 1686 simili
864 1622 1273 1707 adpellati-one
1326 1623 1689 1709 Stephanus.
1745 1626 2070 1709 Reperitur
2126 1644 2370 1710 quoque
2420 1618 2559 1705 apud

508 1707 796 1771 eumdem
822 1707 1103 1783 Ὀμόλιον,
1147 1707 1301 1777 πόλις
1331 1704 1670 1780 Maudbrt‘oec
1697 1706 1740 1797 {t}
1769 1709 2111 1789 Μαγνησίας
2153 1709 2260 1773 sed
2285 1708 2360 1771 de
2384 1707 2558 1770 diver-

507 1796 585 1853 sis
640 1798 895 1857 omnino
938 1794 1086 1856 locis
1139 1815 1303 1857 nunc
1350 1799 1566 1877 agitur.
1609 1793 1843 1871 Ὁμόλην
1900 1799 1987 1856 ait
2041 1799 2228 1857 etiam
2283 1787 2559 1857 Θεσσαλίας

508 1864 647 1955 3'Q9c
677 1900 801 1941 esse
826 1876 1145 1961 Apollonii
1168 1877 1514 1942 scholiastes
1542 1880 1678 1962 (f).
1705 1880 2158 1963 Antiquitatem
2195 1900 2339 1945 vero
2363 1872 2562 1957 Peripli

440 2002 446 2007 ·
506 1960 663 2023 illud
686 1966 927 2046 insuper
951 1980 1234 2039 testatur,
1258 1963 1428 2048 quod
1456 1963 1631 2046 hujus
1662 1964 1824 2027 urbis
1853 1963 2138 2027 Homolii
2172 1964 2270 2027 vel
2298 1958 2562 2023 Homolae

507 2045 779 2128 plerique
817 2046 993 2109 obliti
1017 2052 1164 2123 sint,
1202 2048 1450 2132 duoque
1473 2065 1711 2111 tanturn
1733 2066 1946 2133 praeter
1976 2047 2297 2130 Scylacem
2332 2050 2562 2127 scripto-

508 2131 881 2204 res,Plinius
898 2134 996 2217 (g)
1017 2131 1356 2216 Stephanus
1406 2156 1511 2210 ue,
1537 2138 1942 2196 meminerint.
1960 2132 2116 2196 Inde
2129 2130 2568 2212 conjicerelicet

506 2212 665 2277 hanc
707 2215 919 2278 urbem
956 2216 1318 2298 jamdudum
1342 2158 1624 2282 {eletam
1657 2217 1876 2293 fuisse,
1927 2235 1987 2281 et
2028 2220 2202 2300 quasi
2251 2220 2566 2279 restitutam

507 2320 544 2360 a
594 2298 833 2363 duobus
874 2303 1313 2365 recentioribus
1343 2314 1370 2377 ‚‘
1411 2308 1474 2364 in
1515 2326 1775 2387 quorum
1823 2302 1986 2363 libris
2050 2304 2072 2384 (
2105 2320 2171 2363 ut
2210 2306 2295 2363 ait
2343 2305 2466 2383 ipse
2501 2295 2567 2358 de

507 2404 570 2446 se
610 2386 842 2450 Plinius
887 2393 950 2451 in
994 2386 1250 2451 elencho
1290 2391 1453 2450 tertii
1492 2386 1717 2471 libri),
1763 2391 2132 2450 continentur·
2166 2388 2418 2473 oppida,
2497 2402 2571 2443 or·

505 2484 635 2548 tus,
666 2472 765 2535 &c
784 2520 797 2533 .
826 2520 838 2533 .
866 2519 885 2535 .
909 2478 1037 2558 ‚qui
1059 2490 1197 2535 sunt
1214 2474 1600 2552 autfuerunt.
1633 2474 1956 2554 Originem
1981 2471 2158 2551 huius
2188 2472 2352 2539 urbis
2381 2491 2440 2531 re
2465 2486 2575 2527 erre

508 2554 751 2618 videtur
776 2558 1101 2620 Pausanias
1129 2559 1255 2638 (le)
1282 2604 1299 2633 ,
1337 2557 1640 2620 narrando
1673 2556 2007 2617 Thebanos
2042 2556 2277 2639 aliquot
2315 2551 2536 2616 exsules
2555 2594 2570 2621 ‚

512 2657 653 2701 ante
698 2642 953 2718 Troiam
1002 2661 1269 2725 captam,
1316 2641 1480 2704 hunc
1533 2660 1803 2705 montem
1843 2639 2203 2715 incoluisse,
2243 2638 2446 2701 donec
2485 2656 2574 2696 eos

511 2724 959 2800 Thersandrus,
986 2726 1298 2808 Polynicis
1322 2719 1509 2801 filius}
1531 2731 1591 2787 in
1617 2730 1874 2810 patriam
1897 2722 2574 2787 revocaret.-Potuerunt
2647 2724 2653 2731 ’

510 2806 616 2869 alii
666 2811 949 2873 eumdem
988 2812 1194 2873 locum
1234 2810 1590 2873 derelictum
1627 2830 1925 2893 occupare
1960 2831 2152 2893 usque
2188 2806 2266 2870 ad
2319 2804 2577 2891 Scylacis

510 2914 729 2955 aevum.
774 2896 875 2956 Cf.
908 2898 1161 2959 Dis-sert.
1194 2912 1379 2957 nostr.
1408 2901 1469 2955 in
1516 2894 1756 2979 Scylac.
1778 2904 1829 2968 S.
1867 2892 2026 2967 XII,
2062 2914 2120 2985 p.
2147 2898 2293 2969 214.

601 2984 737 3059 154.
781 2970 964 3062 ''Apyc
999 2978 1053 3043 w*
1108 2979 1526 3065 Ἀμφιλοχκώ]
1566 2980 1670 3041 De
1709 2982 1942 3061 origine
1980 2977 2153 3059 hujus
2199 2976 2368 3038 urbis
2391 3022 2412 3052 ,
2445 2968 2578 3035 vid'e

511 3061 799 3143 Thucyd.
838 3064 946 3127 lib.
978 3082 1071 3139 11,
1110 3067 1239 3148 c'ap.
1270 3063 1382 3136 683
1431 3063 1718 3127 Strabon.
1748 3064 1854 3125 lib.
1881 3080 1992 3127 V11
2019 3110 2037 3138 ,
2081 3083 2216 3145 pag.
2245 3079 2366 3141 325
2393 3106 2411 3134 ,
2449 3056 2579 3141 326-

509 3144 612 3207 Cf.
654 3146 1110 3211 Tzschuckium
1144 3154 1206 3210 in
1249 3147 1500 3211 Melam.
1535 3149 1642 3231 (i).
1679 3148 2069 3210 Hodiernum
2100 3162 2186 3208 est
2216 3144 2401 3222 hujus
2429 3138 2581 3204 urbis

506 3252 765 3308 nomen,
791 3231 1078 3295 fluctibus
1107 3232 1369 3308 obrutae,
1406 3233 1880 3296 Philo-Castron
1910 3251 2017 3294 aut
2044 3230 2368 3294 Philochi'o
2403 3229 2511 3309 (k).

599 3335 733 3400 155.
778 3314 886 3392 Καὶ
918 3306 1195 3401 Εῧαπυς]
1243 3316 1422 3395 Quid
1464 3322 1538 3381 sit
1558 3318 1842 3404 ,Euripus
1883 3321 2094 3379 civitas
2119 3364 2137 3392 ‚
2177 3317 2419 3379 nescio·
2468 3306 2584 3371 Sed

504 3399 703 3485 legere
738 3421 812 3465 ex
852 3400 1102 3463 arbitrio
1136 3400 1331 3487 Ἐρξξνος
1369 3424 1510 3465 cum
1561 3401 1883 3466 Gronovio
1921 3401 2067 3485 (l),
2109 3402 2399 3485 quamvis
2451 3394 2590 3459 mihi

558 3572 625 3623 (a)
652 3571 704 3611 V.
730 3584 777 3625 3¹
796 3601 807 3619 ,
824 3582 895 3624 3²·
1637 3572 1701 3624 (h)
1727 3570 1826 3611 Loc.
1845 3570 1918 3609 cit.
1941 3580 2036 3623 pag.
2051 3568 2149 3623 728.

560 3626 625 3678 (b)
653 3626 749 3668 Lib.
767 3638 839 3675 ix,
862 3641 951 3683 pag.
968 3638 1067 3679 443.
1637 3628 1692 3679 (ι’)
1729 3626 1833 3667 Not.
1852 3640 1966 3679 exeg.
1985 3626 2037 3665 ad
2057 3624 2128 3665 lib.
2147 3634 2177 3663 ιι
2194 3652 2208 3672 ,
2248 3634 2352 3675 cap.
2377 3634 2426 3674 3,
2447 3626 2485 3669 ς.
2520 3632 2567 3658 ιο
2581 3644 2594 3663 2

542 3684 621 3739 s‘)
650 3682 763 3733 Idyll.
784 3696 876 3735 vn,
898 3698 939 3727 v.
964 3696 1058 3736 103.
1584 3696 1673 3737 pag.
1695 3696 1792 3737 335.
2515 3731 2523 3741 ι

556 3739 625 3791 (d)
663 3740 712 3781 V.
736 3754 804 3793 34.
1637 3740 1699 3793 (k)
1725 3739 1854 3781 Conf.
1879 3738 2024 3791 voyage
2041 3736 2084 3779 de
2103 3734 2366 3790 Pouquerille
2381 3746 2428 3775 m
2451 3731 2592 3778 Crete,

558 3794 623 3849 (e)
662 3796 756 3837 Lib.
778 3808 828 3838 tx
845 3828 858 3848 ,
876 3810 968 3850 cap.
989 3796 1030 3837 8.
1585 3809 1688 3838 torn.
1707 3795 1774 3841 11,
1794 3808 1888 3848 pag.
1921 3793 2015 3835 106.
2060 3826 2076 3845 ,

560 3850 637 3905 (f)
658 3852 753 3893 Lib·
777 3866 814 3901 Ι»
835 3868 875 3895 V·
900 3866 997 3909 594·
1499 3848 1506 3855 ⁴
1640 3852 1696 3906 (l)
1728 3852 1810 3897 Vid.
1842 3850 2074 3906 proximatm
2090 3844 2195 3890 infra
2211 3844 2438 3891 Gronovii
2457 3856 2540 3889 not,

560 3908 625 3961 (ὅ)
654 3908 745 3951 Lib.
765 3922 828 3963 tv,
848 3922 942 3964 cap.
963 3924 1005 3965 9.

1610 3966 1652 3975 ‘—
