2809 4642
886 378 975 429 ῙΝ
1031 344 1534 432 aimonem.
2114 360 2268 458 ¹49-

195 471 489 557 Gorgadas
522 472 990 551 insulas-Plinii,
1032 496 1225 557 quum
1266 472 1518 552 adjiciat
1555 474 1812 556 scriptor
1849 490 2104 560 uterque
2136 476 2270 543 hue·

195 556 551 621 Hannonem
569 564 973 642 penetravisse
1006 575 1066 621 et
1088 562 1430 621 occisarum
1447 557 1774 620 mulierum
1795 562 1963 623 coria
1985 561 2132 625 inde
2154 560 2262 625 ab·

192 641 426 707 stulisse.
448 642 575 705 Sed
592 643 828 729 aliquid
850 643 1195 727 discrepant
1218 646 1377 705 inter
1398 665 1461 705 se
1478 642 1858 727 Pomponius
1882 644 2262 729 Pliniusque‚

195 744 254 787 et
276 732 433 809 prior
465 726 807 791 redundare
833 726 1093 792 videtur.
1122 727 1484 811 Gorgadum
1511 726 1844 790 insularum
1877 746 2116 791 tantum
2143 752 2264 793 me-

189 815 357 874 minit
390 812 657 890 Plinius3
697 812 1075 897 Pomponius
1112 836 1256 876 vero
1294 812 1540 897 grandis
1576 814 1789 875 insulae
1825 812 2144 895 cujusdam
2192 819 2258 877 in

181 900 313 957 sinu
348 897 625 973 latentis,
668 916 728 963 et
771 900 977 983 paullo
1020 896 1177 961 infra
1216 898 1548 963 insularum
1584 897 1943 981 Gorgadum
1973 922 2106 983 quae
2150 921 2258 983 pa·

187 982 321 1043 riter
344 1004 413 1047 ac
440 982 631 1048 Plinii
660 983 901 1061 insulae,
926 985 1186 1069 Hesperi
1216 1007 1407 1049 cornu
1441 987 1730 1065 proximae
1769 982 2072 1065 adjacent.
2103 984 2260 1049 Haec

186 1081 377 1129 tamen
416 1068 749 1152 Pomponii
780 1068 975 1133 insula
997 1069 1255 1153 duplex,
1294 1088 1354 1129 et
1391 1068 1720 1133 Hannonis
1755 1068 2134 1136 Gorillarum
2170 1075 2264 1134 in-

186 1148 352 1226 sulae,
394 1170 456 1217 et
490 1152 675 1217 Plinii
706 1154 1073 1239 Gorgonum
1108 1152 1298 1215 domo
1321 1174 1556 1235 prorsus
1582 1152 1921 1235 respondet.
1959 1156 2094 1239 Ego
2120 1176 2264 1219 cen-

186 1239 395 1297 suerim
438 1238 721 1313 Melam,
768 1240 1042 1300 Plinium
1078 1236 1259 1296 simul
1302 1252 1577 1295 secutum
1610 1234 1820 1311 fuisse,
1865 1242 1972 1319 qui
2029 1238 2261 1323 Gorgo·

188 1341 310 1395 nas,
346 1326 559 1403 graecis
596 1321 820 1385 fabulis
860 1320 1227 1393 celebratas,
1265 1340 1407 1380 cum
1441 1317 1694 1384 Gorillis
1731 1320 2066 1385 Hannonis
2105 1324 2264 1385 male

185 1404 545 1469 confuderat
594 1408 699 1489 (a)
725 1452 745 1481 ,
782 1424 1115 1487 earumque
1158 1402 1369 1464 insulae
1411 1400 1615 1463 sedem
1659 1401 1736 1462 ad
1785 1402 2098 1465 arbitrium
2148 1405 2262 1468 de-

184 1484 350 1551 derat
383 1515 402 1565 ;
454 1510 512 1551 at
560 1512 636 1551 ue
672 1490 853 1551 simul
896 1488 1150 1550 alterum
1192 1508 1494 1549 rumorem
1535 1484 1613 1547 de
1662 1486 1838 1562 hujus
1877 1488 2086 1549 insulae
2117 1493 2268 1565 situ,

180 1578 390 1635 nescio
434 1512 599 1635 unge
623 1574 960 1656 collegisse,
992 1571 1204 1655 peripli
1230 1575 1419 1633 nostri
1447 1568 1642 1633 verbis
1673 1565 1764 1652 (ἐν
1784 1568 2095 1657 τῷμιιχᾷ)
2123 1594 2268 1639 con-0

176 1674 573 1733 sentaneum,
610 1675 669 1719 et
706 1657 913 1720 Plinio
946 1656 1353 1719 deficientem.

170 1782 174 1788 -
260 1744 367 1820 63.
412 1740 594 1809 Νῧσυς
626 1728 728 1826 ἦ]
781 1743 937 1803 Haec
980 1739 1233 1824 quidem
1262 1740 1473 1803 insula
1520 1743 1814 1803 tei-minus
1865 1739 1981 1801 fuit
2028 1746 2276 1827 naviga..

183 1830 427 1887 tionum
471 1827 821 1889 Hannonis.
861 1826 957 1889 Ex
995 1824 1399 1909 descriptione
1438 1844 1584 1887 vero
1628 1830 1755 1899 ejus
1793 1822 2110 1888 manifeste
2159 1848 2272 1911 ap-

180 1927 348 1991 paret
380 1910 664 1974 eamdem
710 1932 863 1986 esse,
905 1928 1091 1994 atque
1117 1915 1192 1971 sit
1220 1910 1357 1985 illa,
1398 1930 1538 1993 quae
1573 1908 1760 1971 hodie
1787 1909 2149 1989 Palmifera,
2191 1912 2272 1973 ab

183 1993 307 2055 aliis
346 2016 495 2058 vero
514 1996 575 2059 S.
600 2000 803 2059 Annae
828 1995 1025 2084 insula
1056 1993 1408 2078 appellatur.
1463 1994 1706 2061 Vossius
1733 1992 1853 2076 (b).
1887 1994 1992 2057 Cf.
2018 2003 2145 2058 ποτ’.
2170 2018 2272 2080 59.

263 2080 365 2158 64.
411 2078 673 2143 Πολύκᾶἳ
710 2076 897 2147 nerine
929 2080 1055 2145 rim
1095 2074 1344 2165 γυναῖκες
1427 2076 1581 2140 Non
1619 2097 1782 2141 recte
1821 2078 2120 2141 Hannoni
2159 2082 2270 2146 ad.-

180 2160 356 2245 fingit
395 2164 573 2227 Mela
594 2166 697 2247 (c)
729 2212 748 2241 ,
784 2164 1046 2229 insulam
1080 2163 1238 2227 hanc
1274 2162 1349 2226 ha
1396 2166 1534 2225 itari
1557 2183 1595 2224 a
1617 2162 1860 2224 feminis
1893 2164 2034 2225 solis
2065 2188 2090 2226 t
2125 2188 2269 2229 cum

182 2254 499 2333 utriusque
530 2272 703 2312 sexus
739 2248 1019 2313 homines
1056 2251 1119 2309 in
1154 2268 1225 2309 ea
1262 2247 1462 2311 insula
1490 2246 1670 2319 fuisse
1697 2246 1954 2325 scribat,
1987 2254 2266 2343 quamvis

180 2332 381 2395 multo
424 2334 627 2416 plures
670 2332 947 2397 feminas.
985 2332 1275 2401 Hudson.
2179 2363 2188 2371 ·

267 2414 511 2477 Plinius
537 2422 721 2479 etiam
744 2414 997 2480 feminas
1028 2435 1269 2480 tantum
1295 2421 1358 2478 in
1400 2416 1514 2478 hac
1542 2414 1738 2477 insula
1767 2415 1951 2479 fuisse
1973 2415 2271 2500 prodidit.

180 2500 294 2563 De
336 2504 650 2585 utriusque
682 2497 1081 2587 discrepantia
1118 2525 1260 2575 cum
1294 2502 1610 2575 Hannone
1632 2546 1652 2583 2
1699 2500 1844 2567 vide
1881 2500 2048 2588 praefi
2087 2521 2274 2567 nostr.

181 2588 243 2645 in
290 2584 511 2653 Hann.
546 2596 601 2661 S.
635 2581 761 2662 Χῖ,
796 2588 906 2652 sub
934 2586 1043 2657 fin.
1294 2598 1319 2615 ‘⁶
1983 2608 1990 2617 ·

266 2668 374 2752 65.
420 2666 645 2745 Anaxa
674 2667 777 2741 τρῖς
800 2667 1005 2751 στόμασι
1028 2671 1061 2754 ]
1084 2670 1251 2739 Dari,
1269 2674 1534 2751 integros
1557 2668 1815 2753 populos
1851 2686 1986 2731 toto
2020 2693 2273 2755 corpore

180 2753 371 2816 hirtos
396 2803 415 2833 ,
463 2761 604 2817 satis
650 2756 983 2827 ostendunt
1023 2778 1166 2823 cum
1211 2754 1335 2825 alia
1370 2754 1507 2827 loca
1534 2800 1554 2829 2
1590 2771 1723 2821 tum
1757 2758 2064 2839 praecipue,
2104 2775 2276 2839 terra

179 2836 301 2899 111ae
324 2862 504 2923 supra
523 2840 853 2925 Japoniarn
876 2842 1025 2911 sitae.
1063 2838 1323 2921 Kossius.
1406 2905 1414 2913 ,
1471 2838 1478 2845 ’
2074 2875 2080 2883 -

266 2922 464 2989 conf.
501 2948 660 3009 supr.
701 2943 829 2997 not.
859 2946 964 3007 25.
1248 2991 1255 2999 ,
1542 2984 1556 2993 ,
1595 2984 1600 2989 .

269 3006 375 3069 66.
422 3008 719 3094 rodmar]
764 3011 989 3081 Forsan
1027 3006 1264 3092 ropy'dzf
1300 3008 1385 3077 ab,
1424 3006 1849 3093 interpretibus
1887 3006 2275 3095 lixitisvoca-

176 3091 428 3156 bantur.
464 3094 755 3162 Hudson.

260 3180 583 3242 Minime:
608 3176 773 3241 conf.
800 3198 975 3262 supra
1012 3174 1177 3262 praef.
1206 3194 1390 3241 nostr.
1415 3182 1478 3238 in
1510 3176 1723 3240 Ha-nn.
1745 3185 1799 3253 ς.
1831 3174 1949 3239 lv.

264 3265 368 3341 67.
414 3258 800 3346 Kpnpuossoim
836 3254 1025 3347 ὄντες]
1052 3262 1324 3329 Eosdem
1356 3256 1637 3332 ἤλιβαίτας
1674 3260 1918 3325 dixeris.
1951 3260 2194 3327 Gesner.

187 3348 372 3493 G68.
418 3345 533 3424 Καὶ
556 3348 665 3416 ’τοῖς
684 3343 977 3432 μεσαόις]
1003 3346 1267 3435 Repono
1294 3346 1541 3425 πίτρρις,
1567 3349 1726 3410 sicut
1749 3364 1811 3411 et
1839 3368 2014 3431 supra
2039 3347 2281 3432 legitur.

250 3454 414 3497 esner

268 3518 370 3601 69.
413 3479 697 3586 iuratur
718 3512 781 3577 δῖ
804 3510 979 3599 τρεῖς]
1002 3514 1287 3583 Duarum
1314 3532 1553 3578 tantum
1579 3520 1858 3579 meminit
1887 3514 2124 3579 Plinius
2153 3519 2284 3599 (d),

182 3598 270 3663 his
318 3601 528 3667 verbis
577 3625 597 3664 ε
646 3602 987 3665 penetravit
1046 3604 1109 3665 in
1158 3624 1257 3665 eas
1298 3602 1320 3685 (
1360 3600 1583 3663 insulas
1621 3603 1642 3684 )
1685 3602 1928 3664 Hanno
1960 3601 2284 3667 Poenorum

231 3817 297 3869 (a)
323 3818 438 3860 Vide
459 3818 586 3874 Praefi
604 3830 720 3861 nostr.
742 3822 785 3860 in
803 3820 946 3865 Henn.
962 3826 1000 3871 ς.
1018 3818 1092 3867 IV.
1325 3819 1383 3871 (c)
1408 3816 1505 3860 Lib.
1527 3830 1577 3863 m
1596 3848 1610 3869 ,
1629 3832 1722 3875 cap.
1739 3834 1791 3875 9,
1811 3824 1849 3866 ς.
1872 3831 1892 3873 5
1909 3846 1922 3867 ,
1939 3816 2154 3864 Tschuek.

230 3873 294 3927 (b)
320 3874 399 3917 Ad
414 3877 607 3924 Melam,
635 3890 726 3932 pag.
748 3889 845 3933 305.
1325 3875 1394 3929 (d)
1424 3876 1516 3917 Lib.
1535 3888 1580 3917 vr
1599 3904 1610 3925 ‚
1630 3888 1722 3931 cap.
1745 3888 1810 3928 1¹·
