2809 4642
938 384 1027 436 IN
1085 382 1530 445 SCYLACEM.
1757 403 1765 413 ⁸
2129 396 2224 442 22
2241 399 2272 466 5

234 509 365 585 ergo
391 491 621 585 potuit
648 487 891 581 Scylax
930 507 1167 559 noster
1202 488 1608 585 surgentem
1644 491 1889 564 urbem
1928 493 2162 565 videre
2213 515 2286 567 et

238 609 593 664 memorare.
633 595 748 684 Cf.
788 613 910 664 not.
958 619 1059 688 59.

310 707 358 780 ς.
392 697 722 770 XXVIII.
762 697 921 794 Ego
965 721 1192 778 nunc,
1252 700 1450 790 quod
1477 697 1784 769 Jacobus
1825 697 2234 788 Gronovius
2258 707 2274 734 ¹

225 799 347 872 aliis
370 803 785 894 quibusdam
819 801 1259 894 exprobravit
1279 854 1297 885 ,
1331 806 1748 894 persuadere
1781 804 2001 874 nolim
2028 855 2049 889 ,
2093 807 2288 892 hunc

221 905 548 998 Periplum
574 903 980 975 Graecorum
1009 906 1477 998 posteriorum
1501 908 1807 997 cujusvis
1835 932 2020 993 esse,
2049 911 2290 1003 potius

222 1033 410 1102 quam
434 1007 741 1102 ·Scylacis
768 1036 786 1090 ;
840 1031 1075 1100 neque
1127 1009 1424 1078 omnino
1477 1029 1724 1081 contra
1749 1063 1768 1096 ,
1819 1012 2290 1110 integritatem

228 1114 428 1206 operis
444 1131 637 1183 extra
658 1113 1138 1206 suspicionem
1162 1115 1630 1185 esseomnino
1662 1113 2021 1185 adfirmare
2043 1117 2294 1188 velim:

228 1219 333 1285 sed
353 1217 724 1311 pretiosum
739 1217 1264 1314 ‚egregiumque
1294 1234 1571 1285 remotae
1599 1219 2020 1310 antiquitatis
2051 1243 2300 1292 monu-

234 1339 515 1400 mentum
546 1345 585 1390 a
618 1321 993 1390 temerariis
1026 1337 1095 1388 et
1124 1319 1536 1388 inconsultis
1565 1321 2112 1392 dubitationibus
2155 1349 2302 1394 ser-

236 1426 358 1494 vari
380 1426 601 1518 cupio.
638 1424 728 1494 Et
751 1424 941 1493 hoc
920 1446 1185 1524 ipsum,
1222 1424 1297 1492 ni
1325 1421 1560 1504 fallor,
1599 1448 1686 1493 eo
1723 1426 1978 1494 certius
2007 1429 2300 1546 adsequi

234 1527 501 1610 dabitur,
536 1553 682 1632 quo
720 1529 941 1626 magis
966 1528 1189 1598 aliena
1218 1527 1686 1599 additamenta
1725 1530 2248 1601 secreverimus.

302 1631 503 1706 &Suum
528 1656 789 1727 prorsus
816 1631 1139 1728 periplum
1172 1630 1424 1719 Scylax
1469 1657 1588 1703 non
1620 1638 1759 1726 ipse
1779 1683 1802 1712 ,
1859 1635 1985 1702 sed
2021 1656 2105 1704 ex
2141 1635 2306 1704 aliis

241 1735 627 1833 singularium
660 1740 948 1832 partium
988 1740 1147 1804 inter
1171 1759 1245 1804 se
1264 1740 1641 1814 ,commissis
1665 1735 1944 1830 periplis
1958 1789 1977 1817 ‚
2004 1739 2270 1832 conficit
2279 1767 2310 1818 ,-

246 1838 330 1906 sic
366 1841 583 1910 scribit
628 1839 1131 1910 Dodwellus².·
1151 1837 1498 1932 Equidem
1541 1863 1690 1908 non
1725 1835 2027 1910 diffiteor
2055 1865 2141 1912 ex
2163 1865 2310 1914 om-

245 1941 419 2012 nibus
452 1944 619 2014 locis
646 1943 878 2014 lucem
912 1962 980 2014 et
1010 1945 1432 2015 documenta
1472 1944 1698 2012 virum
1738 1944 2066 2014 sumsisse
2117 1971 2134 2013 :
2185 1947 2316 2018 sed

248 2046 364 2116 haec
384 2049 547 2118 nihil
563 2051 653 2138 de
671 2049 855 2118 illius
879 2063 1068 2120 aetate
1088 2065 1426 2117 statuunt.
1441 2045 1486 2116 J
1492 2049 1695 2124 unior
1711 2049 1838 2118 erit
1851 2049 2017 2117 mihi
2042 2046 2318 2142 Scylax,

250 2151 297 2219 si
342 2151 618 2221 aliorum
682 2153 1198 2245 antiquitatem,
1258 2151 1448 2220 illius
1512 2152 1890 2222 novitatem
1948 2153 2330 2245 separatim¹

246 2251 789 2356 'demonstraveris
822 2282 837 2324 z
872 2259 991 2325 sed
1018 2256 1197 2348 quid
1234 2257 1460 2324 dicam
1485 2257 1574 2324 de
1607 2256 1735 2326 ista
1775 2258 2318 2354 argumentandi

248 2358 507 2442 ratione,
530 2363 627 2445 si,
652 2385 741 2431 ex
758 2385 843 2429 eo
861 2363 1053 2453 quod
1068 2358 1417 2452 Scylacem
1445 2361 1736 2454 propius
1765 2363 1850 2430 ad
1870 2384 2000 2444 nos
2024 2363 2322 2440 descen-

251 2461 395 2532 dere
427 2465 587 2534 velis
610 2515 634 2547 ,
686 2489 851 2534 eum
886 2466 1414 2558 epitomatorem
1465 2482 1773 2534 veterum
1823 2488 1974 2534 esse
1997 2537 2004 2542 ,
2028 2465 2318 2558 proprio

251 2565 384 2654 jure
400 2570 801 2638 contendas!
834 2567 1115 2644 Adsunt
1130 2585 1438 2636 veterum
1472 2568 1901 2650 testimonia,
1935 2569 2132 2638 adest
2148 2592 2323 2663 geo-

244 2671 515 2766 graphiae
550 2673 802 2766 ipsius,
842 2689 924 2741 ut
959 2673 1053 2741 ita
1078 2673 1337 2752 dicam,
1382 2671 1877 2768 chronologia3
1921 2693 2008 2740 ex
2052 2671 2321 2764 duplici

242 2773 365 2842 hoc
385 2777 775 2846 testimonio
801 2775 963 2845 satis
990 2795 1341 2871 superque
1368 2773 1636 2844 fiduciae
1661 2774 1939 2844 licentia
1969 2776 2204 2858 datur,
2239 2795 2323 2845 ut

240 2894 630 2950 vetustatem
667 2903 866 2950 suam
902 2881 1191 2949 vetustis
1227 2879 1757 2962 monumentis,
1804 2879 2121 2970 quamvis
2167 2904 2322 2954 non

238 2981 545 3079 integris,
577 3008 728 3052 ιιοιι
760 2986 1251 3080 denegandam
1287 3007 1439 3052 esse
1471 2986 2005 3052 contendamuS.

340 3093 392 3166 S.
444 3086 710 3157 XXIX.
767 3085 1112 3180 Antiquas
1160 3088 1395 3156 videre
1447 3077 1611 3155 inihi
1657 3089 1897 3156 videor
1950 3088 2127 3155 aedes
2163 3139 2183 3172 ,
2246 3089 2326 3158 in

232 3183 483 3283 quibus
530 3193 824 3262 omnino
866 3191 1095 3260 elucet
1128 3192 1376 3262 veteris
1418 3190 1879 3260 architecturae
1915 3189 2150 3281 labor,
2169 3195 2330 3263 -sed

230 3316 408 3386 quas
443 3296 738 3366 recentis
773 3295 1026 3365 laboris
1055 3318 1397 3363 summam
1424 3318 1578 3364 esse
1605 3295 1952 3388 quispiam
1985 3295 2324 3375 voluerit,

226 3399 397 3470 ideo
429 3403 623 3520 quod
665 3418 929 3498 partem
970 3421 1204 3468 earum
1228 3392 1573 3491 aliquam
1588 3399 1933 3468 recentior
1965 3397 2205 3468 artifex
2241 3389 2332 3471 a'd

224 3505 691 3574 recentiorum
751 3505 1002 3572 aedium
1052 3503 1575 3571 similitudinem
1625 3490 2072 3572 restaurando
2120 3496 2330 3570 effin-
2381 3533 2392 3545 «

226 3608 429 3678 xerit.
452 3607 545 3678 At
568 3627 755 3679 certe
783 3607 1137 3698 antiquam
1166 3605 1428 3676 molem
1452 3607 2003 3700 superadditum
2017 3628 2104 3673 ex
2135 3622 2334 3698 parte

220 3709 643 3810 figmentum
680 3736 829 3782 non
860 3709 1165 3806 obtegit,
1198 3711 1343 3778 imo
1376 3733 1527 3779 non
1557 3711 1770 3790 delet„

308 3937 497 4016 'Supra
527 3963 582 4021 p.
619 3960 745 4022 157,
788 3941 879 3997 liu.
911 3962 1009 4018 30,
1043 3960 1131 4016 3¹·
1172 3969 1247 3984 -··
1287 3935 1534 4002 ²S.Xlll.

458 4067 513 4112 l·
