2809 4642
543 370 566 415 ι
584 344 636 426 4
978 386 988 398 -
1069 357 1497 411 nonwELu
1554 356 2069 413 DISSERTATm

533 465 805 557 Cyrene
827 516 847 547 ,
872 488 1080 557 quam
1113 464 1348 555 Iberia
1382 463 1617 535 tribuit
1654 459 2040 553 Stephanus
2062 514 2081 545 ,
2112 462 2305 553 quod
2342 461 2597 535 scilicet
2696 488 2701 493 “
2797 446 2798 449 “

535 592 666 639 orae
712 568 1064 661 Hispaniae
1101 567 1445 637 maritimae
1489 566 2037 658 praetenderetur.
2090 563 2177 635 Et
2224 588 2392 637 sane
2442 584 2599 636 ante

475 698 478 703 ·
533 689 843 763 tempora
899 669 1200 759 AEschyli
1249 670 1624 759 hucusque
1651 668 2107 789 Hesperidas,
2176 685 2245 735 et
2282 668 2601 759 proinde

537 771 951 869 Gorgonas,
989 771 1413 865 protulerant
1440 770 1760 841 historici.
1802 768 1938 841 Iter
1972 770 2157 849 enim
2200 746 2519 841 Herculis
2560 794 2602 841 a

539 892 776 943 monte
803 872 1120 945 Caucaso
1139 875 1227 941 ad
1253 872 1667 964 Hesperidas
1695 878 1818 965 per
1832 870 2123 967 Ligures
2143 870 2453 943 futurum
2472 876 2598 943 do-

537 995 648 1047 cet
671 979 856 1069 apud
882 977 1072 1046 illum
1091 976 1573 1057 PrometheuS,
1608 998 1754 1066 quo
1780 992 1963 1046 certe
1990 991 2317 1045 terrarum
2347 992 2563 1047 tractu
2579 1024 2599 1054 ,

541 1103 688 1149 non
715 1080 1134 1173 Hesperides
1151 1076 1543 1171 Cyrenaicae
1559 1129 1579 1161 ,
1603 1080 1723 1147 sed
1746 1078 1842 1149 hae
1870 1078 2109 1170 potius
2128 1078 2609 1171 aliaepetendag.

490 1211 504 1218 ·
538 1200 734 1272 erant
753 1233 773 1264 ,
797 1206 967 1274 quas
992 1184 1080 1250 ad
1098 1178 1346 1249 fretum
1376 1175 1796 1249 Gaditanum
1815 1230 1835 1262 ,
1866 1201 1988 1248 seu
2012 1178 2400 1251 Columnas
2424 1180 2601 1251 Her·

537 1264 800 1365 culeas‚
826 1284 1083 1376 positas
1110 1283 1557 1351 ostendimuS.
1580 1282 1965 1373 Eidemque
1984 1279 2269 1351 fortasse
2293 1284 2602 1373 Cyrenes

537 1382 698 1455 situi
723 1387 1075 1469 convenit,
1103 1388 1291 1477 quod
1335 1383 1427 1453 ait
1453 1382 1913 1475 Palaephatus,
1959 1382 2285 1453 Perseum
2326 1383 2606 1481 Gorgo-

479 1522 488 1531 =
542 1489 746 1558 nibus
805 1489 1257 1570 insidiatum,
1327 1483 1521 1554 factis
1566 1486 1759 1554 inter
1815 1476 2139 1575 Cyrenen
2214 1485 2604 1579 Sardosque

536 1590 1065 1683 praedationibus
1093 1587 1467 1664 maritimis·
1509 1587 1841 1683 Intelligit
1888 1588 2206 1657 nimirum
2252 1614 2432 1660 mare
2466 1587 2608 1659 Sar-

536 1696 752 1764 doum
777 1698 818 1760 a
839 1690 1192 1762 Sardinia
1173 1707 1265 1759 tta
1292 1681 1745 1807 appellatum,
1776 1692 1968 1781 quod
1995 1708 2178 1761 certe
2216 1694 2607 1784 proximum

541 1794 926 1887 Hesperio,
977 1794 1046 1860 in
1095 1815 1239 1883 quo
1272 1792 1411 1859 sitae
1445 1789 1571 1858 illae
1598 1810 1791 1873 erant
1838 1792 2295 1887 Hesperides,
2346 1794 2611 1862 faciunt

479 1982 486 1991 .
538 1913 802 1966 veteres
838 1894 1242 1991 geographi.
1288 1892 1442 1962 Nisi
1470 1890 1645 1979 forte
1682 1894 1917 1963 insulae
1950 1897 2409 1977 conveniunt,
2456 1920 2609 1965 non

541 1998 757 2095 longe
801 2022 840 2065 a
890 1995 1175 2067 Corsica
1210 2048 1230 2079 ,
1283 2017 1493 2087 quam
1546 1994 1914 2093 Urgonem
1976 2000 2325 2091 appella-nt
2378 2000 2603 2069 Mela*

545 2117 753 2192 atque
809 2098 1075 2173 Plinius
1095 2096 1152 2179 ²,
1213 2116 1280 2167 et
1341 2098 1732 2167 Martianus
1779 2097 2137 2191 Capella3,
2193 2120 2261 2170 et
2320 2104 2393 2171 in
2450 2102 2608 2193 ipso

546 2201 664 2271 illo
700 2202 867 2271 mari
891 2203 1085 2270 sitam
1105 2197 1364 2279 Sardoo
1392 2200 2098 2293 populationibusque
2116 2228 2199 2272 ex
2226 2203 2449 2273 insula
2464 2202 2618 2273 Sar·-

545 2302 732 2377 dinia
749 2328 857 2373 ma
909 2308 961 2373 is
982 2321 1469 2396 opportunam.
1486 2301 1896 2401 Gorgonem
1917 2308 2099 2374 enim
2114 2306 2297 2375 illam
2317 2308 2621 2400 appellat

481 2437 485 2445 ·
547 2407 936 2491 Rutilius,
994 2403 1405 2501 Gorgonem
1468 2402 1849 2503 Gregorius
1913 2408 2312 2504 Magnus,
2254 2404 2273 2451 5
2374 2404 2620 2507 defin

548 2507 976 2627 StephanuS‚
1038 2526 1108 2577 et
1157 2527 1351 2583 vetus
1385 2509 1589 2581 etiam
1624 2509 1831 2579 Plinii
1881 2513 2137 2595 codex,
2193 2530 2362 2581 teste
2398 2510 2621 2581 Dale-

551 2612 843 2705 campio,
844 2612 964 2681 Ea
987 2612 1058 2680 Ia
1096 2610 1388 2711 Gorgona
1412 2612 1611 2679 etiam
1640 2612 2169 2697 recentioribus;
2198 2637 2283 2685 ex
2304 2631 2619 2683 veterum

501 2766 508 2778 ,
549 2709 725 2786 forte
774 2714 1136 2789 traditione
1186 2737 1338 2807 quae
1386 2714 1549 2782 olim
1599 2713 1889 2783 insulam
1933 2714 2116 2783 illam
2162 2712 2623 2817 Gorgonibus

549 2817 1033 2917 assignaverat.
1059 2814 1159 2885 Ita
1181 2816 1827 2901 miscueritinvicem
1844 2816 2282 2910 Palaephatus,
2280 2820 2626 2889 variarum

494 2922 641 2987 de
677 2923 840 2993 sede
877 2916 1292 3020 Gorgonum
1340 2918 1830 2987 sententiarum
1874 2921 2290 2989 traditiones.
2329 2921 2438 2989 Ad
2470 2909 2629 2991 Co-

552 3022 826 3092 lumnas
867 3024 1053 3091 enim
1096 3020 1473 3090 Herculeas
1518 3045 1713 3090 suam
1744 3018 2165 3119 Gorgonum
2200 3026 2430 3092 sedem
2474 3024 2630 3118 Cy-

556 3148 774 3195 renen
797 3126 1032 3197 statuit
1049 3125 1197 3217 ipse
1219 3123 1663 3217 Palaephatus·
1684 3124 1926 3192 Trium
1953 3139 2139 3222 ergo*
2152 3126 2629 3218 Hesperidum

555 3228 934 3297 insularum
964 3227 1249 3298 nomine
1268 3275 1286 3306 ‚
1316 3250 1445 3322 pro
1478 3228 1579 3295 his
1611 3227 1989 3296 rationibus
2010 3278 2030 3310 ,
2065 3229 2136 3295 ni
2162 3226 2391 3311 fallor,
2416 3228 2633 3301 intel-

554 3329 850 3427 ligendae
876 3346 1078 3400 erunt
1101 3328 1336 3399 insulae
1364 3329 1523 3411 illae,
1551 3352 1984 3421 quaecunque
2012 3332 2291 3399 demum
2326 3328 2594 3401 fuerint
2613 3383 2634 3413 ,

559 3454 734 3525 quas
758 3430 1260 3503 Columnarum
1293 3432 1788 3503 Herculearum
1828 3434 2114 3502 nomine
2115 3432 2639 3529 intelligebant

561 3535 884 3608 nonnulli
917 3553 1212 3621 vetereS,
1245 3558 1557 3627 quasque
1584 3553 1716 3623 tres
1740 3532 1955 3603 fitisse
1979 3536 2183 3605 docet
2218 3536 2637 3630 Hesychius.

641 3712 858 3781 'Mela,
875 3714 913 3771 l.
933 3727 1007 3779 11,
1031 3732 1079 3768 c.
1096 3732 1150 3787 7,
1175 3724 1258 3769 n.⁰
1292 3714 1410 3770 128.
1457 3743 1533 3755 —
1588 3713 1770 3769 ²Plin.
1794 3711 1923 3769 Nat.
1948 3713 2084 3771 Ηιὶςτ.
2104 3730 2193 3785 111,
2221 3718 2273 3771 6.
2311 3748 2387 3759 —
2442 3713 2645 3771 ³Mar-

561 3790 692 3844 tian.
715 3756 923 3865 Capell.
947 3786 1037 3846 lib.
1057 3802 1141 3845 vl.
1179 3783 1316 3835 ·--4
1338 3786 2243 3864 Rufil.ltiner.1ib.1‚v.515.-
2282 3788 2303 3829 5
2336 3789 2643 3867 Gregorius
2726 3787 2734 3793 ’

565 3863 816 3939 Magnus,
836 3862 928 3921 lib,
953 3876 998 3931 1,
1031 3881 1116 3940 ep.
1143 3878 1228 3937 50.
