2809 4642
1984 294 1994 323 t

476 326 629 421 364
1191 300 1827 409 ΑῠΝοτΑτιοΝέε

473 442 628 507 nihil
673 441 942 519 dixerat,
980 461 1041 507 et
1079 450 1252 527 cujus
1291 442 1635 530 Stephanus
1680 444 1843 507 solus
1878 446 2192 519 meminit,
2238 464 2352 505 nec
2396 440 2555 511 addit

473 548 554 589 an
595 525 676 590 ad
713 551 911 605 mare,
951 551 1029 591 an
1072 533 1136 591 in
1176 528 1620 597 mediterraneo
1663 527 2019 593 sita-fuerit.
2056 528 2181 592 Sed
2227 551 2372 591 cum
2407 530 2564 611 peri-

472 612 645 697 plum
681 612 904 676 scribat
941 612 1202 697 Scylax,
1244 634 1489 699 oportet
1519 638 1652 679 earn
1698 613 1881 677 fuisse
1917 613 1996 677 ad
2029 617 2196 691 ‘mare
2230 617 2413 675 sitam
2453 637 2469 672 ε
2504 629 2562 671 at

473 701 526 759 si
563 701 842 781 opposita
882 698 1274 781 Dyrrhachio
1306 700 1385 763 ad
1430 722 1593 763 mare
1625 698 1832 762 fuisset
1855 745 1874 774 ,
1907 697 2009 761 vel
2052 703 2117 761 in
2161 699 2341 760 litore
2378 694 2563 757 Italiae

471 777 594 842 fuit
625 784 724 863 (et
749 781 826 845 de
861 782 1041 845 Italia
1075 806 1150 846 eo
1187 783 1328 849 loco
1353 807 1477 847 non
1511 786 1775 868 agitur),
1802 783 1899 847 vel
1925 788 1987 870 in
2014 788 2148 845 sinu
2181 782 2263 843 ad
2296 805 2366 845 os
2411 780 2565 843 Dri-

473 864 636 929 lonis
686 887 872 951 prope
913 866 1171 929 Lissum.
1212 867 1337 931 Sed
1365 874 1585 931 mirum
1630 866 1822 943 foret,
1854 867 1935 931 de
1973 889 2045 929 ea
2080 866 2312 929 nullam
2362 864 2565 927 fecisse

475 948 782 1013 Caesarem
821 957 1224 1028 mentionem,
1260 976 1372 1017 nec
1411 952 1561 1025 alios
1592 956 1698 1035 qui
1734 952 1812 1015 de
1854 975 1929 1015 eo
1965 952 2128 1014 bello
2168 955 2563 1033 scripserunt,

477 1054 618 1095 cum
651 1032 734 1097 'de
767 1034 971 1111 Lisso,
993 1036 1302 1100 Acrolisso
1325 1083 1342 1112 ,
1367 1036 1721 1119 Nymphaeo
1746 1040 1807 1099 in
1834 1058 1909 1101 eo
1946 1036 2122 1097 litore
2156 1037 2563 1096 meminerint.

473 1116 698 1201 Itaque
725 1118 967 1183 mallem
1000 1122 1324 1199 lectionem
1355 1122 1663 1204 vulgatam
1694 1142 1969 1195 manere,
1994 1140 2133 1204 quae
2167 1118 2321 1181 nihil
2346 1117 2563 1181 habeat

476 1201 769 1279 absurdi,
823 1208 950 1267 imo
1004 1227 1144 1268 cum
1199 1206 1478 1269 locorum
1528 1210 1647 1267 situ
1699 1206 1858 1267 bene
1908 1207 2256 1267 conveniat.
2306 1203 2479 1263 Nam
2528 1222 2562 1262 a

474 1285 722 1351 Buthoa
754 1288 904 1369 jarbe
936 1294 999 1351 in
1023 1290 1276 1372 Illyrico
1307 1290 1485 1353 litore
1514 1311 1677 1353 mare
1714 1290 1939 1355 flexum
1975 1292 2223 1371 incipit,
2256 1305 2319 1349 et
2366 1308 2561 1349 versus

475 1374 810 1448 orientem,
835 1395 1056 1457 magno
1083 1378 1216 1436 sinu
1243 1372 1408 1437 facto
1424 1422 1444 1451 ,
1474 1379 1537 1437 in
1561 1393 1741 1437 terras
1768 1396 1830 1437 se
1852 1378 2138 1447 insinuat,
2164 1391 2299 1434 tum
2320 1386 2558 1453 recepto

473 1453 744 1520 Drilone
783 1456 1005 1533 fluvi0,
1035 1459 1327 1541 paulatim
1353 1458 1430 1523 ad
1462 1458 1852 1525 occidentem
1885 1458 2025 1521 litus
2066 1459 2350 1531 recurrit,
2378 1476 2559 1537 usque

477 1538 559 1601 ad
593 1547 1078 1622 promontorium
1120 1561 1180 1605 et
1202 1543 1617 1627 peninsulam,
1644 1543 1750 1605 ubi
1775 1547 1887 1603 sita
1914 1560 2041 1607 erat
2070 1540 2557 1623 Dyrrhachium,

416 1690 426 1707 .
475 1642 542 1685 et
577 1623 718 1689 ideo
740 1642 910 1687 tanta
932 1632 1184 1709 emergit
1215 1627 1554 1691 differentia
1578 1632 1735 1691 inter
1762 1630 2133 1689 maritimum
2157 1630 2271 1687 iter
2296 1642 2558 1697 rectum,

474 1710 648 1792 quod
673 1710 947 1787 brevius,
971 1730 1032 1773 et
1057 1731 1358 1787 terrestre,
1379 1712 1550 1796 quod
1574 1734 1679 1795 per
1702 1734 1987 1793 magnum
2012 1714 2339 1773 circuitum
2385 1708 2561 1769 fiebat

477 1794 563 1855 ob
587 1794 776 1856 litoris
799 1796 1046 1858 flexum.
1081 1796 1246 1879 Ergo
1264 1842 1283 1872 ,
1312 1797 1443 1858 solo
1470 1800 1619 1858 mari
1644 1794 2091 1868 intercedente,
2130 1794 2381 1855 Buthoa
2402 1793 2561 1875 Dyr.-

477 1876 798 1945 rhachium
841 1880 1183 1965 spectabat,
1216 1898 1276 1943 et
1315 1898 1441 1945 erat
1489 1904 1563 1943 ex
1602 1879 1855 1943 adverso
1884 1927 1902 1954 ,
1944 1879 2049 1943 illa
2082 1877 2162 1941 ad
2206 1881 2559 1959 septentrio-

475 1984 654 2039 nem,
706 1962 835 2026 haec
869 1964 948 2027 ad
987 1965 1339 2041 meridiem,
1372 1982 1433 2027 et
1478 1969 1563 2044 sic
1602 1988 1725 2027 non
1766 1962 1923 2027 male
1964 1962 2189 2046 Scylax
2228 1962 2391 2027 dixit
2430 1958 2561 2023 κατ’

478 2042 665 2113 brier.
694 2047 1048 2111 palmerius.

567 2132 798 2194 Merito
828 2133 963 2203 ω’
989 2127 1271 2201 Officia-nov
1299 2138 1497 2214 rejicit
1518 2136 1612 2197 vir
1635 2132 1884 2207 doctus,
1906 2155 2096 2216 quum
2131 2128 2409 2213 Scylacis
2441 2152 2559 2191 mos

481 2218 558 2277 sit
605 2215 709 2277 ubi
757 2238 832 2279 ue
871 2217 1306 2282 adversativam
1354 2239 1581 2302 ponere
1622 2222 1825 2279 statim
1864 2235 1997 2299 post
2035 2218 2563 2301 praepositionem,

482 2310 628 2363 ante
668 2240 1131 2367 sdisstantivum.
1176 2302 1250 2365 ld
1303 2304 1383 2364 ab
1423 2304 1540 2365 illis
1592 2324 1758 2366 nunc
1802 2304 2122 2365 invertitur
2164 2303 2227 2361 in
2278 2298 2403 2363 hoc
2444 2320 2559 2361 uno

479 2386 778 2469 exemplo.
803 2386 954 2461 Ins.
985 2407 1081 2469 52,
1105 2410 1162 2467 p.
1188 2388 1333 2461 268,
1357 2387 1513 2451 dicit
1538 2385 1667 2457 κατ’
1696 2384 1909 2472 haupt)
1944 2382 2010 2445 At
2041 2383 2169 2447 «1543
2204 2410 2221 2445 :
2260 2388 2325 2445 in
2350 2394 2405 2459 S.
2431 2404 2452 2444 1
2475 2403 2559 2458 10,

478 2493 538 2554 p.
557 2490 588 2553 3
608 2491 703 2549 17,
717 2472 924 2534 scribit
940 2469 1069 2543 κατ’
1084 2471 1293 2535 ἐναντίον
1309 2471 1499 2534 αότῶν.
1526 2470 1651 2534 Sed
1670 2471 2049 2532 Palmeriana
2071 2469 2443 2551 relinquens,
2458 2468 2560 2539 ali·-

479 2560 860 2617 terexistitno
881 2555 1199 2638 Scylacem
1225 2576 1418 2639 agere.
1436 2556 1607 2617 Nam
1630 2578 1821 2639 quum
1846 2554 2038 2636 Illyrii
2061 2554 2337 2619 distincti
2366 2556 2556 2615 sintin

477 2644 679 2702 varios
711 2640 998 2724 populoS,
1023 2664 1283 2725 quorum
1309 2639 1635 2703 nonnullos
1662 2638 1815 2701 iu-fra
1839 2661 2083 2724 quoque
2106 2641 2426 2713 nominat,
2459 2641 2556 2697 etsi

476 2724 622 2786 loco
663 2724 920 2786 multum
955 2726 1336 2809 scrupulose,
1373 2726 1619 2789 videtur
1656 2724 1755 2786 hic
1794 2730 1978 2785 etiam
2018 2720 2345 2807 appellasse
2380 2742 2557 2805 popu·

457 2807 642 2883 jum,
685 2812 744 2869 in
786 2816 954 2889 cuius
987 2808 1210 2872 finibus
1232 2815 1340 2872 sita
1375 2829 1464 2873 cst
1489 2808 1889 2892 Epidamnus.
1926 2807 2089 2869 Sane
2112 2812 2225 2869 erit
2254 2806 2387 2869 haec
2410 2810 2554 2868 ratio

477 2912 606 2953 non
639 2893 843 2976 paullo
914 2894 1196 2958 robatior.
1230 2895 1399 2976 Lego
1432 2900 1613 2978 igitur
1646 2919 1661 2955 ε
1699 2889 2013 2955 Ταυλάντιοι
2053 2880 2127 2951 012⁴
2148 2888 2284 2955 s’c‘ltr
2310 2888 2367 2951 τὲ
2397 2890 2552 2952 Ἰλλυ-

479 2976 628 3045 αιιόν
663 2966 828 3046 ἔθνος.
869 2916 1229 3043 ἒῑοΙετηωιιε
1266 2974 1609 3043 Ταυλαντίων
1645 2972 1947 3061 Δυρῥοίχον.
1986 2976 2157 3041 Hinc
2198 2974 2549 3057 Euphorion

479 3066 802 3143 conjungit
839 3052 1046 3133 ''As'lea
1079 3060 1375 3149 Δυρῤαρρης
1410 3090 1460 3126 π
1502 3061 1543 3152 2}
1590 3052 1755 3127 ἔθνεα.
1790 3059 2185 3137 Ταυλαντίων,
2218 3058 2388 3143 apud
2420 3060 2549 3120 Ste-

473 3144 745 3229 phanum
768 3151 831 3207 in
865 3146 1166 3231 Δυρροίχον,
1195 3171 1226 3211 a
1253 3170 1377 3231 quo
1410 3166 1471 3209 et
1510 3170 1583 3209 ex
1618 3147 2015 3209 Eratosthene
2040 3149 2295 3220 citatur,
2322 3142 2549 3247 ‘’Q'WW

475 3227 638 3292 οἰκῧω
667 3228 1000 3317 Taum-(101.
1027 3234 1379 3295 Gronovius.

562 3312 875 3379 Temseu-noe
918 3316 1240 3399 legendum
1271 3338 1406 3380 ‘esse
1448 3314 1608 3380 vidit
1642 3316 2002 3379 Holstenius
2026 3358 2046 3389 ,
2089 3330 2157 3374 ut
2204 3330 2444 3376 constat
2482 3332 2551 3373 ex

474 3396 546 3465 F.
571 3397 769 3463 Lucio
803 3402 873 3463 de
899 3401 1100 3485 Regno
1133 3401 1471 3463 Dalmatiae
1484 3448 1506 3477 ,
1544 3425 1605 3485 p.
1641 3417 1734 3481 13.
1762 3401 2045 3481 Hudson·
2244 3464 2252 3471 ,
2536 3458 2545 3467 ,

557 3483 868 3549 Gronovii
917 3491 1328 3564 conjecturam
1363 3485 1683 3549 admittere
1722 3506 1845 3549 non
1885 3486 2058 3556 licet,
2100 3478 2549 3562 nisitmuta'ndo

475 3572 720 3654 insuper
767 3563 900 3634 iclae'r
947 3574 1008 3631 in
1058 3570 1184 3649 εἰσί,
1234 3588 1293 3633 et
1341 3569 1610 3633 delendo
1656 3570 1941 3633 voculam
1984 3564 2055 3631 π’.
2104 3566 2389 3639 Palmerii
2436 3584 2553 3646 ego

474 3658 838 3717 sententiam
862 3676 938 3717 eo
964 3653 1250 3717 libentius
1275 3678 1519 3739 sequor,
1548 3656 1716 3739 quod
1734 3653 1911 3716 ·Mela
1936 3655 2039 3736 (a)
2064 3651 2420 3735 Pliniusque
2449 3649 2553 3730 (b)

475 3739 817 3821 scripserint
852 3744 916 3802 in
961 3739 1080 3803 hoc
1120 3740 1262 3803 loco
1297 3739 1479 3803 fuisse
1518 3740 1753 3825 Illyrios
1782 3741 2016 3826 proprie
2052 3738 2257 3802 dictos.

529 3922 729 3986 '(‘¹)„Libg
745 3897 806 3977 ¹¹2
825 3939 910 3983 ⁶²12
932 3940 955 3983 3
972 3958 984 3977 ,
1011 3934 1053 3979 ς.
1077 3941 1128 3973 12
1147 3959 1160 3982 ‚
1179 3928 1421 3973 Tuchuek.
1616 3926 1679 3987 (h)
1707 3924 1803 3969 Lib.
1828 3923 1903 3977 ω’,
1918 3938 2012 3980 cap·
2032 3936 2098 3987 εξ,
