2809 4642
371 339 376 348 ·
481 316 581 410 24
1019 329 1449 388 nonwetu
1507 325 2024 388 DISSERTA'HO

483 437 760 511 Graecos
793 455 1146 510 emanasse
1173 436 1558 550 profitetur.
1592 437 1785 507 Idem
1813 436 2153 507 Atlantem
2198 401 2573 504 fabulosis-

481 547 736 614 simum
763 538 1099 640 appellat,
1143 559 1212 610 et
1253 565 1340 610 eo
1373 542 1663 610 nomine
1700 540 2331 620 fabulosissimum,
2372 539 2571 630 quod

480 666 898 738 nemorosus
927 642 1224 714 interdiu
1257 644 1459 714 silere
1488 645 1867 727 diceretur,
1904 659 2119 712 noctu
2150 659 2382 710 autem
2414 665 2569 710 cre-

481 749 622 818 bris
666 731 960 850 ignibus
990 747 1260 816 micare.
1305 745 1475 816 Haec
1514 747 1571 817 si
1602 747 1755 839 quis
1794 769 1955 815 cum
1994 744 2355 814 Hannone
2392 767 2571 813 con-

481 851 756 932 tulerit,
797 851 911 920 vix'
933 867 1037 920 est
1057 873 1182 923 cur
1211 850 1479 920 dubitet
1501 851 1676 944 quin
1694 849 1935 919 illum‘
1916 871 2143 942 ipsum
2172 845 2442 918 Plinius
2472 849 2570 916 ob

483 953 728 1024 oculos
748 949 1080 1023 habuerit.
1098 951 1290 1023 Idem
1317 953 1645 1023 indicavit
1669 955 2022 1021 comoedus
2050 949 2383 1034 Athenaei,
2406 973 2569 1020 cum

483 1059 666 1126 hanc
687 1057 1218 1154 navigationem
1251 1053 1629 1134 Hannonis
1660 1050 1883 1132 «πλάνας
1910 1055 2305 1152 appellaret.
2338 1053 2567 1146 Ipsam

487 1161 674 1230 enim
689 1159 876 1232 illam
895 1177 1137 1230 vocem
1157 1159 1515 1251 usurpavit
1536 1182 1713 1252 saepe
1729 1155 1971 1227 Strabo
1990 1160 2078 1227 de
2095 1157 2357 1248 Ulyssis
2372 1208 2391 1239 ‚
2412 1156 2572 1226 Me—
2610 1205 2621 1230 2

465 1263 710 1347 ⁴nelai,
725 1247 1198 1384 'Jasonisque,
1223 1262 1703 1382 similibusque
1742 1261 1888 1331 aliis
1924 1261 2250 1354 temporis
2298 1260 2569 1351 mythici

485 1365 778 1460 poeticis
812 1367 1101 1436 heroum
1142 1363 1495 1448 maritimis
1538 1364 2119 1459 expeditionibus.
2157 1363 2571 1458 Eodemque

486 1470 696 1563 plane
737 1471 948 1538 modo
986 1493 1210 1538 errare
1255 1470 1423 1538 dicit
1465 1469 1707 1536 heroes
1743 1491 1907 1536 suos
1954 1467 2157 1536 etiam
2204 1465 2567 1562 Virgilius.

485 1572 643 1644 Nec
673 1575 861 1643 enim
897 1590 1082 1642 certe
1125 1575 1360 1640 deerat
1407 1567 1753 1663 Hannoni
1789 1571 2053 1639 certum
2096 1569 2569 1666 navigationis

415 1669 422 1676 ⁵
487 1676 898 1758 consilium,
923 1699 1053 1743 nec
1083 1673 1308 1742 ventis
1341 1653 1603 1742 infestis
1648 1673 1788 1741 vim
1823 1673 2123 1766 aliquam
2173 1693 2447 1765 passum
2492 1695 2569 1739 se

485 1776 700 1864 fuisse
723 1777 1066 1868 queritur,
1097 1775 1479 1866 quominus
1504 1793 1747 1868 portus
1776 1793 2042 1868 optatos
2063 1791 2565 1869 assequeretur.

489 1872 708 1949 moira
719 1902 891 1998 ergo
917 1901 1066 1946 non
1101 1877 1236 1947 alio
1271 1901 1483 1946 sensu
1509 1879 1739 1978 haberi
1764 1881 2013 1972 potuit
2005 1882 2153 1949 haec
2193 1876 2569 1986 Hannonis

460 1981 873 2102 'navigati0,
904 1977 1114 2072 quam
1139 1983 1334 2072 quod
1355 1978 1596 2066 fuerit,
1634 2005 1763 2075 pro
1808 1983 2238 2053 heroicarum
2276 1975 2569 2077 naviga·

457 2087 762 2162 stionum'
791 2083 1150 2176 exemp10,
1177 2079 1388 2203 plane
1412 2033 1665 2156 fictiiia.
1700 2082 2004 2154 Scribit
1982 2109 2058 2155 m
2092 2087 2401 2156 eandem.
2414 2107 2571 2152 sen-

493 2188 822 2288 tentiam,
852 2210 942 2254 ne
963 2186 1292 2278 quidem
1272 2208 1429 2280 ipso
1457 2187 1715 2257 Vossio
1738 2183 2121 2271 diffitente,
2160 2187 2519 2256 Aristides}
2550 2213 2569 2268 ;

491 2293 616 2385 qui
645 2315 776 2384 pro
801 2290 1124 2359 absurdis
1126 2289 1348 2360 habet
1366 2314 1521 2381 quae
1544 2293 1632 2360 de
1652 2291 1792 2360 suis
1819 2291 1995 2363 ultra
2013 2289 2245 2379 Gades
2274 2289 2569 2374 coloniis

489 2395 938 2514 prodiderant
969 2391 1601 2488 Carthaginiense&
1626 2394 1799 2463 Non
1834 2395 2119 2486 quidem
2140 2391 2424 2462 nomine
2454 2391 2569 2460 d'e-

491 2499 792 2617 signavit
815 2497 1092 2616 ipsum,
1129 2493 1380 2580 fateor,
1410 2497 1877 2578 Hannonem,
1902 2497 2095 2575 illum
2124 2499 2355 2566 tamen
2391 2497 2571 2588 desi-—
2646 2589 2651 2594 ι

491 2601 737 2698 gnavit
774 2601 892 2693 qui
931 2601 1006 2668 in
1043 2597 1292 2669 Africae
1324 2599 1692 2669 solitudine
1710 2595 1935 2668 urbes
1960 2601 2402 2688 condiderit,
2445 2601 2569 2692 qui

489 2707 574 2774 in·
620 2704 881 2796 templo
926 2702 1386 2800 navigationis
1432 2725 1569 2772 sua:
1605 2704 2066 2773 narrationem
2104 2704 2567 2797 suspenderit.

489 2803 698 2877 Haec
713 2830 786 2875 se
832 2805 1077 2880 fecisse
1125 2823 1356 2880 narrat.
1397 2808 1603 2896 hujus
1638 2795 1909 2900 peripli
1956 2824 2215 2876 auctor.
2278 2805 2569 2876 Aliusne

485 2909 686 2980 fiterit
724 2908 1445 3012 Carthaginiensium,
1491 2911 1613 3000 qui
1649 2934 1721 2978 se
1758 2911 1851 2978 ita
1888 2907 2131 2980 fecisse
2168 2907 2284 2980 vel
2317 2910 2567 2978 ob'ten-

486 3015 707 3096 derit,
768 3014 974 3106 plane
1019 3014 1449 3131 ignoramus.
1515 3010 1705 3082 Idem
1740 3011 2027 3082 fortasse
2066 3013 2313 3082 voluit
2326 3013 2571 3080 Lucia-

486 3115 671 3186 nu-²s
679 3167 700 3199 ,
746 3140 906 3186 cum
959 3113 1497 3184 commentitiam
1550 3139 1743 3184 suam
1788 3117 2300 3214 expeditionem
2338 3140 2381 3184 a
2419 3112 2571 3184 Co-

454 3219 746 3290 ,lumnis
794 3219 1144 3288 exorditur.
1187 3217 1567 3289 Herculeis.
1624 3217 1816 3288 Nihil
1870 3219 2056 3308 enim
2102 3243 2187 3290 se
2226 3220 2302 3288 in
2354 3217 2525 3288 Vera'
2549 3267 2568 3296 ,

403 3333 412 3344 ‘
485 3325 698 3427 quam
712 3321 1074 3414 appelfflat
1121 3323 1433 3392 Historia
1469 3322 1818 3413 scripsisse
1861 3346 1933 3413 p1
1937 3319 2215 3391 ofessus
2252 3339 2387 3403 est,
2420 3343 2565 3420 quo

362 3421 378 3430 ”
483 3444 794 3496 veterum
841 3441 1240 3519 poetarum,
1275 3425 1801 3516 scriptorumve,
1842 3443 1962 3494 aut
1993 3415 2567 3519 philosophorum

480 3529 793 3622 aliquem
830 3550 977 3594 non
1018 3527 1532 3618 perstrinxerit,
1572 3527 1691 3620 qui
1729 3547 2133 3620 portentosa
2172 3529 2402 3620 aliqua
2452 3546 2569 3596 aut
2610 3573 2625 3607 2

484 3630 798 3702 fabulosa
838 3629 1057 3726 literis
1079 3630 1886 3746 mandavissent.1nnuit
1916 3657 2125 3729 ergo,
2164 3649 2243 3700 ut
2267 3631 2566 3726 videtur,

569 3795 830 3853 'Aristid.
851 3793 996 3852 Orat.
1017 3791 1308 3872 AEgsptiaa·
1322 3807 1360 3850 t.
1383 3792 1451 3860 ll,
1478 3814 1529 3870 p.
1558 3796 1701 3872 356,
1727 3795 1814 3856 ed.
1833 3793 1992 3854 Jebb.
2032 3809 2106 3844 ·'--
2148 3801 2175 3830 ²
2200 3795 2422 3855 Lucian.
2456 3791 2566 3852 Ver.

405 3883 412 3893 ¹
488 3837 1470 3947 ffls1.11c.2,t.1V,p.220,Bifi.
