2809 4642
959 326 1048 377 m
1107 323 1589 377 sennes-Ma
2112 342 2117 349 -
2154 332 2186 401 3
2210 330 2235 400 5
2264 332 2287 376 1

319 423 415 501 78.
451 424 574 487 Ἐπ’
591 422 864 495 ari-13:820*
883 417 1090 507 Πίσης]
1111 423 1288 505 Legit
1313 420 1641 486 Cluverius
1668 424 1729 483 in
1758 421 1903 487 Ital.
1928 440 2054 488 ant.
2076 447 2134 509 p.
2162 446 2181 488 ι
2195 444 2298 507 30,

235 502 344 567 ivr*
381 506 561 577 αὸπῦς
598 507 699 573 xm?
721 507 935 576 Συήνης.
981 509 1245 575 Vossius.

317 589 407 653 lta
437 611 548 657 est.
585 592 710 657 Sed
744 593 930 668 bene,
965 592 1138 677 quod
1179 591 1505 655 Cluverius
1547 595 1633 653 ait
1669 613 1733 655 se
1770 596 2125 670 restituere,
2162 616 2303 679 quae

235 679 459 738 restitui
495 700 662 761 posse
691 678 1008 753 videntur,
1058 698 1274 760 nempe
1319 680 1450 761 ipsi.
1482 673 1692 739 -Unde
1737 699 1929 759 quum
1971 678 2301 743 Cluverius

235 763 494 823 restituta
525 767 610 825 sic
645 758 840 825 verta't
873 763 1060 825 latine
1083 806 1104 837 ,
1156 760 1332 839 hujus
1367 777 1565 823 aurem
1611 760 1803 823 litoris
1842 780 2063 825 tractus
2096 780 2184 827 est
2216 768 2305 827 ad

233 866 322 903 eos
360 866 400 905 a
441 848 627 933 Spina
669 848 807 910 urbe
857 849 1036 909 unius
1075 847 1191 909 diei
1233 846 1341 908 iter
1363 892 1380 919 ,
1434 844 1649 907 debuit
1698 845 1795 909 vel
1838 866 1991 931 puer
2044 848 2300 911 Vossius

235 928 732 1007 animadvertere,
779 954 968 1015 quum
1025 929 1188 993 istud
1226 928 1464 994 &naen
1504 926 1843 995 Cluverius
1896 936 1959 993 in
2002 932 2301 997 vertendo

233 1016 480 1077 omittat.
517 1016 708 1079 Porro
747 1019 871 1100 ipse
905 1014 1196 1088 Vossius,
1234 1036 1425 1097 quum
1464 1014 1595 1075 vult
1624 1018 1749 1089 eius
1792 1020 1963 1079 vocis
1996 1022 2299 1081 rationem

233 1092 479 1174 ducem,
534 1124 659 1163 non
701 1099 890 1165 modo
941 1100 1184 1183 puerile
1223 1096 1459 1181 aliquid
1504 1098 1777 1183 implicat
1806 1144 1825 1175 ,
1875 1100 1980 1163 sed
2028 1102 2306 1165 stultissi-

233 1201 404 1243 mum.
458 1183 640 1263 Quid
685 1188 850 1246 enim
898 1201 988 1245 est
1029 1181 1183 1245 illud
1227 1182 1440 1256 unde,
1478 1180 1597 1244 hoc
1647 1200 1767 1258 est,
1818 1184 1914 1246 vel
1959 1206 1995 1245 a
2047 1188 2302 1250 Venetis

233 1264 320 1327 vel
349 1267 428 1329 ab
462 1269 774 1339 Eridano,
813 1287 876 1330 et
912 1286 1114 1329 tamen
1139 1288 1174 1327 a
1201 1264 1392 1349 Spina
1419 1265 1595 1328 urbe!
1634 1288 1713 1328 an
1752 1289 1901 1329 vero
1934 1288 2125 1333 causae
2160 1272 2301 1335 red-

231 1345 372 1412 ditio
411 1356 478 1413 in'
513 1376 590 1416 ea
617 1352 872 1415 residet!
910 1353 1036 1416 Vix
1073 1348 1324 1425 dixeris,
1363 1367 1565 1413 utrum
1594 1372 1790 1413 sermo
1822 1356 1899 1413 sit
1927 1372 2004 1413 an
2034 1358 2303 1438 vagitus!

228 1434 360 1494 item
402 1441 590 1499 unius
627 1436 754 1499 diei
794 1440 907 1498 iter
947 1434 1102 1498 dicit
1137 1456 1260 1497 esse
1295 1434 1376 1497 ad
1420 1456 1557 1509 eos,
1592 1436 1827 1499 scilicet
1863 1437 2153 1501 Venetos.
2198 1440 2307 1503 Ad

148 1536 152 1541 ’
225 1539 394 1599 quam
423 1542 671 1605 partem
695 1520 1107 1584 Venetorum!
1135 1540 1256 1580 non
1287 1523 1453 1582 eni—ni
1492 1542 1649 1581 unus
1684 1519 1875 1583 modo
1898 1520 2069 1583 locus
2093 1545 2309 1587 eorum

228 1622 360 1665 erat.
399 1606 479 1668 Et
511 1604 779 1692 quidem
817 1603 1171 1667 mirabiliter
1214 1624 1318 1666 eos
1353 1603 1627 1687 extendit
1666 1604 1933 1687 Scylax,
1978 1602 2127 1669 dum
2170 1624 2309 1691 post

229 1683 482 1753 Venetos
511 1695 696 1775 ponit
716 1694 918 1751 statim
943 1688 1144 1751 Istros.
1180 1687 1380 1751 Immo
1408 1686 1795 1753 manifestum
1822 1708 1910 1753 est
1938 1689 2059 1774 legi
2082 1690 2312 1757 debere

225 1768 318 1831 ἐπ’
345 1770 820 1845 αύτῢςἈκαυλίκς
841 1766 1064 1841 πῦλεως.
1098 1772 1457 1836 Gronovius·

301 1855 643 1925 Infeliciter
685 1860 832 1942 legit
883 1857 1232 1921 Gronovius
1276 1851 1599 1931 Ἀπουλίης,
1637 1880 1831 1941 quum
1868 1880 1947 1921 ex
1998 1858 2310 1927 Strabone

231 1930 347 2023 ipso
371 1945 472 2027 (a)
492 1992 511 2020 ,
555 1943 848 2028 Aquileia
876 1965 918 2005 a
943 1942 1242 2027 Romanis
1268 1945 1630 2004 munitionis
1652 1942 1792 2005 loco
1814 1943 2065 2015 condita
2088 1945 2304 2025 fuerit,

232 2042 512 2111 utsupra
557 2029 898 2092 incolentes
945 2027 1194 2099 Barbari
1239 2026 1668 2091 cohiberentur
1712 2051 1728 2088 ε
1813 2027 1938 2090 uod
1982 2051 2151 2093 anno
2197 2036 2313 2094 cir·-

229 2113 366 2173 citer
399 2112 514 2176 186
544 2132 692 2176 ante
725 2113 875 2175 Chr.
903 2110 1132 2175 factum
1157 2130 1274 2187 est,
1303 2129 1363 2173 et
1395 2110 1589 2173 multo
1614 2130 1751 2195 post
1830 2113 2053 2195 cylacis
2084 2136 2305 2179 aevum.

230 2194 308 2255 Ar
345 2195 676 2263 Cluverius
709 2216 920 2261 contra
945 2218 1070 2259 non
1094 2201 1240 2286 ptis
1263 2194 1590 2270 intellexit,
1623 2196 2008 2259 intervallum
2045 2221 2080 2262 a
2116 2198 2310 2287 Spina

230 2279 398 2357 urbe,
433 2285 516 2345 ad
557 2286 916 2366 incipientes
954 2280 1226 2345 Venetos
1261 2301 1384 2344 non
1425 2284 1693 2363 potuisse
1720 2286 1909 2343 totius
1936 2282 2059 2345 diei
2090 2287 2308 2349 itinere

229 2382 516 2431 constare.
553 2366 748 2451 Spina
777 2371 939 2428 enim
974 2365 1446 2449 Padoproxirna
1470 2383 1625 2438 erat,
1654 2382 1715 2426 et
1742 2363 1995 2429 Venetis
2022 2368 2311 2431 tribuitur

230 2445 444 2532 Padus.
497 2451 640 2513 Imo
682 2455 732 2511 si
778 2455 860 2511 ita
899 2450 1230 2532 legeretur,
1274 2472 1396 2511 non
1443 2454 1565 2528 jam
1615 2448 1996 2513 Venetorum
2046 2457 2309 2535 regionis

229 2534 402 2613 ipsius
425 2582 449 2610 ,.
479 2534 590 2599 sed
623 2538 911 2618 praeteriti
935 2540 1056 2613 jam
1093 2534 1286 2597 litoris
1318 2536 1986 2617 praeternavigationem
2024 2558 2157 2599 se-ro
2190 2536 2311 2600 da-

227 2631 348 2678 tam
383 2619 768 2684 haberemus.
798 2620 884 2680 At
919 2637 1078 2681 certe
1113 2620 1215 2681 hic
1247 2616 1499 2680 definita
1536 2624 2061 2702 praeternavigatio
2101 2622 2311 2686 Vene-

227 2718 426 2765 torum
463 2708 778 2789 regionem
805 2700 1485 2789 .cornpl³ect'itur.‚Ergo
1539 2702 1783 2765 rescribi
1832 2724 2004 2785 posse
2050 2724 2305 2770 autumo

225 2780 330 2845 dns
353 2780 464 2856 ’τὶἶς
490 2786 688 2858 Συήνης
719 2785 941 2858 πόλεως.
967 2790 1234 2851 Minime
1257 2786 1568 2861 offendor,
1606 2804 1675 2849 ut
1706 2786 2094 2865 Gronovius,
2134 2792 2307 2875 quod

226 2864 466 2935 &vv-3312
493 2892 557 2934 et
587 2874 690 2938 >tna
726 2872 822 2941 viic
848 2884 912 2935 Σ.
946 2898 1012 2934 π.
1047 2872 1474 2955 pleonasmum
1506 2868 1722 2933 referre
1762 2870 2103 2935 videantur.
2134 2878 2307 2939 Nam

225 2951 376 3014 alibi
424 2956 646 3039 Scylax
687 2962 750 3019 in
797 2953 988 3040 Lycia
1027 2957 1128 3039 (b)
1175 2959 1410 3040 scripsit
1447 2980 1462 3017 ε
1504 2954 1767 3019 'iuncea
1820 2953 2129 3037 vadumve
2174 2954 2307 3027 s’c'lir

211 3032 330 3100 dmi
361 3038 602 3116 Auximo,
631 3040 798 3125 quod
835 3040 994 3103 male
1027 3040 1376 3104 emendavit
1412 3040 1689 3103 Vossius.
1724 3038 1893 3103 Alibi
1928 3046 2107 3104 etiam
2150 3044 2309 3129 Scy-

221 3118 315 3183 lax
359 3126 480 3209 (e),
517 3126 856 3201 Hagdnaovc
894 3120 1004 3190 aim*
1040 3122 1096 3187 a?
1137 3122 1370 3200 ποταμοῦ
1410 3122 1647 3189 ἐντεῦθεν
1684 3122 1770 3191 εἰς
1802 3126 2196 3212 Καρχδξίνα...,
2242 3130 2309 3194 Si

223 3225 428 3271 autem
466 3232 674 3294 parurn
714 3209 910 3293 placet
945 3210 1295 3291 emendatio
1327 3206 1384 3271 ai?
1416 3206 1539 3281 ἐπὶ,
1586 3214 1648 3271 in
1684 3206 1819 3290 dna,
1854 3215 1941 3273 sic
1990 3214 2247 3276 rescribe
2286 3240 2307 3277 t

220 3290 285 3373 ἐξ
325 3291 501 3363 «Amic
531 3294 620 3365 ’ἧς
659 3300 895 3371 πόλεως,
936 3315 997 3357 et
1033 3294 1180 3357 tolle
1217 3293 1423 3357 media
1462 3294 1593 3355 haec
1628 3290 1733 3355 cinti
1777 3288 1947 3364 Πίσης
1990 3295 2305 3379 (Συήνης),

222 3397 356 3457 quae
400 3378 679 3441 librarius
719 3377 970 3461 quidam
1011 3374 1209 3440 forsan
1245 3376 1507 3458 adjecit,
1558 3393 1627 3439 ut
1660 3378 2005 3443 ostenderet
2038 3404 2165 3465 quo
2211 3404 2307 3445 re-

221 3458 488 3527 ferendae
523 3482 719 3527 essent
741 3484 920 3526 voces
949 3458 1016 3548 ἐξ
1047 3458 1212 3532 αὐτῆς
1233 3488 1288 3525 τ.
1323 3490 1386 3526 π.
1440 3458 1731 3525 Ceterum
1768 3462 1947 3527 facile
1982 3475 2072 3528 ΕΞ
2109 3482 2171 3527 et
2204 3476 2310 3529 ΕΠ

224 3544 825 3630 confundi.possunt;
851 3568 990 3632 quae
1012 3547 1307 3631 particula
1325 3544 1390 3632 ἐξ
1416 3550 1737 3631 saepissime
1760 3566 1969 3611 nostro
1993 3567 2311 3633 usurpatur

220 3650 328 3710 pro
360 3630 488 3695 εἰπέ.
517 3632 684 3697 Vide
705 3637 944 3715 pas‘sini.

309 3736 411 3800 79.
456 3714 563 3793 Kal
600 3714 831 3795 πιπμδς
862 3712 1124 3807 '‘107295]
1157 3715 1262 3780 De
1302 3712 1568 3799 duplici,
1608 3719 1735 3777 imo
1774 3731 1835 3777 et
1868 3716 2091 3802 triplici
2132 3717 2307 3801 huius

280 3846 349 3899 (a)
377 3848 527 3891 Lux-v
544 3878 556 3899 ‚
578 3862 668 3905 pag.
689 3862 772 3902 214
803 3851 876 3902 (p.
893 3846 996 3902 328,
1015 3848 1094 3902 A).
1355 3846 1413 3900 (c)
1443 3854 1482 3895 ς.
1505 3860 1582 3905 ¹09
1599 3875 1613 3896 ,
1636 3846 1712 3888 fin.
1738 3856 1830 3903 pag.
1852 3844 1948 3899 316.
2006 3860 2012 3867 ·

283 3902 353 3965 (Q
377 3910 418 3953 S·
431 3918 550 3958 πω,
568 3920 660 3965 pag.
677 3918 760 3964 ²99
774 3936 790 3961 ,
806 3906 882 3947 fin.
1110 3934 1122 3951 .
1410 3950 1417 3961 ⁸
1818 3913 1825 3923 a
2022 3918 2027 3925 .
