<?xml version="1.0" encoding="UTF-8"?>
<!DOCTYPE html PUBLIC "-//W3C//DTD XHTML 1.0 Transitional//EN"
    "http://www.w3.org/TR/xhtml1/DTD/xhtml1-transitional.dtd">
<html xmlns="http://www.w3.org/1999/xhtml" xml:lang="en" lang="en">
 <head>
  <title>
</title>
<meta http-equiv="Content-Type" content="text/html;charset=utf-8" />
  <meta name='ocr-system' content='tesseract 3.04.00' />
  <meta name='ocr-capabilities' content='ocr_page ocr_carea ocr_par ocr_line ocrx_word'/>
</head>
<body>
  <div class='ocr_page' id='page_1' title='image "./geographigraeci01arrigoog_0083.png"; bbox 0 0 2809 4642; ppageno 0'>
   <div class='ocr_carea' id='block_1_1' title="bbox 958 301 2313 378">
    <p class='ocr_par' dir='ltr' id='par_1_1' title="bbox 958 301 2313 378">
     <span class='ocr_line' id='line_1_1' title="bbox 958 301 2313 378; baseline 0.001 -27"><span class='ocrx_word' id='word_1_1' title='bbox 958 301 1046 352; x_wconf 81' lang='lat' dir='ltr'>IN</span> <span class='ocrx_word' id='word_1_2' title='bbox 1103 302 1595 358; x_wconf 75' lang='lat' dir='ltr'>HANNONEM.</span> <span class='ocrx_word' id='word_1_3' title='bbox 1782 361 1787 369; x_wconf 50' lang='grc'><em>,</em></span> <span class='ocrx_word' id='word_1_4' title='bbox 2226 307 2313 378; x_wconf 88' lang='lat'>59</span> 
     </span>
    </p>
   </div>
   <div class='ocr_carea' id='block_1_2' title="bbox 200 367 2409 1620">
    <p class='ocr_par' dir='ltr' id='par_1_2' title="bbox 200 367 2409 1620">
     <span class='ocr_line' id='line_1_2' title="bbox 245 367 2315 500; baseline 0.001 -30"><span class='ocrx_word' id='word_1_5' title='bbox 245 402 723 500; x_wconf 82' lang='lat' dir='ltr'>navigantibus</span> <span class='ocrx_word' id='word_1_6' title='bbox 761 367 1164 472; x_wconf 74' lang='lat' dir='ltr'>Columnae</span> <span class='ocrx_word' id='word_1_7' title='bbox 1146 426 1308 495; x_wconf 82' lang='lat' dir='ltr'>rpsae</span> <span class='ocrx_word' id='word_1_8' title='bbox 1343 402 1597 474; x_wconf 74' lang='lat' dir='ltr'>fiterint</span> <span class='ocrx_word' id='word_1_9' title='bbox 1635 385 2109 484; x_wconf 66' lang='lat' dir='ltr'>transeundae,</span> <span class='ocrx_word' id='word_1_10' title='bbox 2142 415 2315 495; x_wconf 81' lang='lat' dir='ltr'>quas</span> 
     </span>
     <span class='ocr_line' id='line_1_3' title="bbox 247 502 2316 623; baseline 0.001 -51"><span class='ocrx_word' id='word_1_11' title='bbox 247 506 528 623; x_wconf 77' lang='lat' dir='ltr'>quidam</span> <span class='ocrx_word' id='word_1_12' title='bbox 549 505 826 577; x_wconf 81' lang='lat' dir='ltr'>insulas</span> <span class='ocrx_word' id='word_1_13' title='bbox 851 502 1058 576; x_wconf 86' lang='lat' dir='ltr'>fuisse</span> <span class='ocrx_word' id='word_1_14' title='bbox 1094 507 1619 596; x_wconf 77' lang='lat' dir='ltr'><strong>existimabant,</strong></span> <span class='ocrx_word' id='word_1_15' title='bbox 1668 523 1745 576; x_wconf 83' lang='lat' dir='ltr'>ut</span> <span class='ocrx_word' id='word_1_16' title='bbox 1775 507 1915 595; x_wconf 77' lang='lat' dir='ltr'>jam</span> <span class='ocrx_word' id='word_1_17' title='bbox 1948 529 2153 599; x_wconf 83' lang='lat' dir='ltr'>supra</span> <span class='ocrx_word' id='word_1_18' title='bbox 2184 507 2316 575; x_wconf 87' lang='lat' dir='ltr'>ob·</span> 
     </span>
     <span class='ocr_line' id='line_1_4' title="bbox 247 607 2409 704; baseline 0.002 -28"><span class='ocrx_word' id='word_1_19' title='bbox 247 609 686 678; x_wconf 83' lang='lat' dir='ltr'>servavimus&#39;</span> <span class='ocrx_word' id='word_1_20' title='bbox 701 658 720 677; x_wconf 92' lang='lat'>.</span> <span class='ocrx_word' id='word_1_21' title='bbox 809 608 1170 693; x_wconf 84' lang='lat' dir='ltr'>Quoniam</span> <span class='ocrx_word' id='word_1_22' title='bbox 1205 628 1443 681; x_wconf 80' lang='lat' dir='ltr'>&#39;autem</span> <span class='ocrx_word' id='word_1_23' title='bbox 1508 608 1939 680; x_wconf 75' lang='lat' dir='ltr'>orientalium</span> <span class='ocrx_word' id='word_1_24' title='bbox 1972 607 2074 679; x_wconf 69' lang='lat' dir='ltr'>ab</span> <span class='ocrx_word' id='word_1_25' title='bbox 2128 609 2316 680; x_wconf 81' lang='lat' dir='ltr'>occi·-</span> <span class='ocrx_word' id='word_1_26' title='bbox 2402 692 2409 704; x_wconf 41' lang='grc'><em>,</em></span> 
     </span>
     <span class='ocr_line' id='line_1_5' title="bbox 246 710 2313 807; baseline 0.002 -31"><span class='ocrx_word' id='word_1_27' title='bbox 246 713 450 780; x_wconf 88' lang='lat' dir='ltr'>dente</span> <span class='ocrx_word' id='word_1_28' title='bbox 483 712 998 807; x_wconf 81' lang='lat' dir='ltr'>navigationum</span> <span class='ocrx_word' id='word_1_29' title='bbox 1047 730 1308 782; x_wconf 85' lang='lat' dir='ltr'>veteres</span> <span class='ocrx_word' id='word_1_30' title='bbox 1345 713 1714 781; x_wconf 82' lang='lat' dir='ltr'>terminum</span> <span class='ocrx_word' id='word_1_31' title='bbox 1759 710 2041 782; x_wconf 84' lang='lat' dir='ltr'>Cernen</span> <span class='ocrx_word' id='word_1_32' title='bbox 2089 711 2313 784; x_wconf 79' lang='lat' dir='ltr'>existi-</span> 
     </span>
     <span class='ocr_line' id='line_1_6' title="bbox 247 812 2313 892; baseline 0.002 -12"><span class='ocrx_word' id='word_1_33' title='bbox 247 813 524 882; x_wconf 85' lang='lat' dir='ltr'>mabant</span> <span class='ocrx_word' id='word_1_34' title='bbox 549 837 586 892; x_wconf 93' lang='lat'>,·</span> <span class='ocrx_word' id='word_1_35' title='bbox 635 815 800 883; x_wconf 90' lang='lat' dir='ltr'>inde</span> <span class='ocrx_word' id='word_1_36' title='bbox 847 812 1096 884; x_wconf 83' lang='lat' dir='ltr'>factum</span> <span class='ocrx_word' id='word_1_37' title='bbox 1142 832 1214 884; x_wconf 89' lang='lat' dir='ltr'>ut</span> <span class='ocrx_word' id='word_1_38' title='bbox 1269 816 1358 884; x_wconf 87' lang='lat' dir='ltr'>ab</span> <span class='ocrx_word' id='word_1_39' title='bbox 1414 816 1771 886; x_wconf 86' lang='lat' dir='ltr'>occidente</span> <span class='ocrx_word' id='word_1_40' title='bbox 1818 838 1970 883; x_wconf 88' lang='lat' dir='ltr'>eam</span> <span class='ocrx_word' id='word_1_41' title='bbox 2035 815 2313 884; x_wconf 83' lang='lat' dir='ltr'>tandem</span> 
     </span>
     <span class='ocr_line' id='line_1_7' title="bbox 243 909 2313 994; baseline 0.002 -10"><span class='ocrx_word' id='word_1_42' title='bbox 243 909 714 994; x_wconf 78' lang='lat' dir='ltr'>transtulerint</span> <span class='ocrx_word' id='word_1_43' title='bbox 747 918 821 984; x_wconf 85' lang='lat' dir='ltr'>in</span> <span class='ocrx_word' id='word_1_44' title='bbox 853 919 1212 988; x_wconf 84' lang='lat' dir='ltr'>orientem.</span> <span class='ocrx_word' id='word_1_45' title='bbox 1250 917 1411 988; x_wconf 91' lang='lat' dir='ltr'>Hoc</span> <span class='ocrx_word' id='word_1_46' title='bbox 1436 935 1658 990; x_wconf 85' lang='lat' dir='ltr'>autem</span> <span class='ocrx_word' id='word_1_47' title='bbox 1688 917 1933 988; x_wconf 84' lang='lat' dir='ltr'>obiter.</span> <span class='ocrx_word' id='word_1_48' title='bbox 1971 916 2313 989; x_wconf 77' lang='lat' dir='ltr'>Caeterum</span> 
     </span>
     <span class='ocr_line' id='line_1_8' title="bbox 205 1019 2313 1113; baseline 0.001 -28"><span class='ocrx_word' id='word_1_49' title='bbox 205 1055 213 1060; x_wconf 57' lang='lat'>·&lt;</span> <span class='ocrx_word' id='word_1_50' title='bbox 241 1019 358 1086; x_wconf 77' lang='lat' dir='ltr'>vix</span> <span class='ocrx_word' id='word_1_51' title='bbox 399 1036 501 1087; x_wconf 90' lang='lat' dir='ltr'>est</span> <span class='ocrx_word' id='word_1_52' title='bbox 546 1042 668 1089; x_wconf 85' lang='lat' dir='ltr'>cur</span> <span class='ocrx_word' id='word_1_53' title='bbox 720 1019 1106 1090; x_wconf 87' lang='lat' dir='ltr'>dubitemus</span> <span class='ocrx_word' id='word_1_54' title='bbox 1151 1022 1328 1113; x_wconf 84' lang='lat' dir='ltr'>quin</span> <span class='ocrx_word' id='word_1_55' title='bbox 1383 1047 1423 1090; x_wconf 89' lang='lat' dir='ltr'>e</span> <span class='ocrx_word' id='word_1_56' title='bbox 1477 1020 1661 1113; x_wconf 78' lang='lat' dir='ltr'>Cyra</span> <span class='ocrx_word' id='word_1_57' title='bbox 1710 1039 1949 1096; x_wconf 78' lang='lat' dir='ltr'>monte</span> <span class='ocrx_word' id='word_1_58' title='bbox 2014 1019 2143 1110; x_wconf 78' lang='lat' dir='ltr'>(ut</span> <span class='ocrx_word' id='word_1_59' title='bbox 2192 1043 2313 1088; x_wconf 32' lang='lat' dir='ltr'>vvo-</span> 
     </span>
     <span class='ocr_line' id='line_1_9' title="bbox 240 1117 2313 1217; baseline 0.003 -31"><span class='ocrx_word' id='word_1_60' title='bbox 240 1117 370 1189; x_wconf 73' lang='lat' dir='ltr'>luit</span> <span class='ocrx_word' id='word_1_61' title='bbox 389 1119 712 1217; x_wconf 87' lang='lat' dir='ltr'>Trogus)</span> <span class='ocrx_word' id='word_1_62' title='bbox 769 1145 1028 1192; x_wconf 88' lang='lat' dir='ltr'>nomen</span> <span class='ocrx_word' id='word_1_63' title='bbox 1061 1126 1332 1192; x_wconf 84' lang='lat' dir='ltr'>traxerit</span> <span class='ocrx_word' id='word_1_64' title='bbox 1374 1125 1489 1190; x_wconf 77' lang='lat' dir='ltr'>iila</span> <span class='ocrx_word' id='word_1_65' title='bbox 1531 1123 1825 1214; x_wconf 86' lang='lat' dir='ltr'>Cyranis</span> <span class='ocrx_word' id='word_1_66' title='bbox 1852 1173 1871 1204; x_wconf 93' lang='lat'><strong><em>,</em></strong></span> <span class='ocrx_word' id='word_1_67' title='bbox 1928 1124 2313 1213; x_wconf 85' lang='lat' dir='ltr'>eademque</span> 
     </span>
     <span class='ocr_line' id='line_1_10' title="bbox 238 1221 2313 1316; baseline 0 -23"><span class='ocrx_word' id='word_1_68' title='bbox 238 1223 530 1314; x_wconf 83' lang='lat' dir='ltr'>proinde</span> <span class='ocrx_word' id='word_1_69' title='bbox 565 1221 768 1292; x_wconf 74' lang='lat' dir='ltr'>fioerit</span> <span class='ocrx_word' id='word_1_70' title='bbox 813 1248 970 1292; x_wconf 90' lang='lat' dir='ltr'>cum</span> <span class='ocrx_word' id='word_1_71' title='bbox 1007 1227 1171 1292; x_wconf 87' lang='lat' dir='ltr'>sede</span> <span class='ocrx_word' id='word_1_72' title='bbox 1203 1221 1623 1314; x_wconf 87' lang='lat' dir='ltr'>Gorgonum</span> <span class='ocrx_word' id='word_1_73' title='bbox 1656 1224 1891 1294; x_wconf 86' lang='lat' dir='ltr'>Cerne</span> <span class='ocrx_word' id='word_1_74' title='bbox 1925 1241 2131 1316; x_wconf 84' lang='lat' dir='ltr'>atque</span> <span class='ocrx_word' id='word_1_75' title='bbox 2166 1223 2313 1316; x_wconf 80' lang='lat' dir='ltr'>Cy.-</span> 
     </span>
     <span class='ocr_line' id='line_1_11' title="bbox 200 1323 2315 1414; baseline 0.001 -20"><span class='ocrx_word' id='word_1_76' title='bbox 200 1349 430 1394; x_wconf 84' lang='lat' dir='ltr'>·rene.</span> <span class='ocrx_word' id='word_1_77' title='bbox 492 1323 602 1394; x_wconf 89' lang='lat' dir='ltr'>Sic</span> <span class='ocrx_word' id='word_1_78' title='bbox 650 1349 800 1391; x_wconf 86' lang='lat' dir='ltr'>eam</span> <span class='ocrx_word' id='word_1_79' title='bbox 855 1325 1194 1393; x_wconf 83' lang='lat' dir='ltr'>Herodoti</span> <span class='ocrx_word' id='word_1_80' title='bbox 1223 1374 1242 1405; x_wconf 88' lang='lat'>‚</span> <span class='ocrx_word' id='word_1_81' title='bbox 1298 1325 1440 1393; x_wconf 86' lang='lat' dir='ltr'>imo</span> <span class='ocrx_word' id='word_1_82' title='bbox 1494 1324 1693 1392; x_wconf 89' lang='lat' dir='ltr'>etiam</span> <span class='ocrx_word' id='word_1_83' title='bbox 1737 1323 1995 1414; x_wconf 85' lang='lat' dir='ltr'>Ephori</span> <span class='ocrx_word' id='word_1_84' title='bbox 2034 1374 2053 1404; x_wconf 87' lang='lat'><em>‚</em></span> <span class='ocrx_word' id='word_1_85' title='bbox 2129 1341 2315 1398; x_wconf 76' lang='lat' dir='ltr'>aetate</span> 
     </span>
     <span class='ocr_line' id='line_1_12' title="bbox 239 1425 2318 1517; baseline 0.001 -23"><span class='ocrx_word' id='word_1_86' title='bbox 239 1444 508 1494; x_wconf 86' lang='lat' dir='ltr'>veteres</span> <span class='ocrx_word' id='word_1_87' title='bbox 539 1428 1058 1495; x_wconf 81' lang='lat' dir='ltr'>nondumultra</span> <span class='ocrx_word' id='word_1_88' title='bbox 1105 1425 1486 1512; x_wconf 78' lang='lat' dir='ltr'>Columnas</span> <span class='ocrx_word' id='word_1_89' title='bbox 1526 1426 1905 1497; x_wconf 76' lang='lat' dir='ltr'>Herculeas</span> <span class='ocrx_word' id='word_1_90' title='bbox 1963 1450 2318 1517; x_wconf 80' lang='lat' dir='ltr'>promove-</span> 
     </span>
     <span class='ocr_line' id='line_1_13' title="bbox 247 1527 2314 1620; baseline 0.001 -26"><span class='ocrx_word' id='word_1_91' title='bbox 247 1529 405 1596; x_wconf 88' lang='lat' dir='ltr'>rint.</span> <span class='ocrx_word' id='word_1_92' title='bbox 425 1527 795 1595; x_wconf 85' lang='lat' dir='ltr'>Historiam</span> <span class='ocrx_word' id='word_1_93' title='bbox 819 1545 1045 1596; x_wconf 87' lang='lat' dir='ltr'>autem</span> <span class='ocrx_word' id='word_1_94' title='bbox 1067 1553 1250 1596; x_wconf 89' lang='lat' dir='ltr'>suam</span> <span class='ocrx_word' id='word_1_95' title='bbox 1275 1529 1591 1620; x_wconf 87' lang='lat' dir='ltr'>Ephorus</span> <span class='ocrx_word' id='word_1_96' title='bbox 1612 1531 1699 1598; x_wconf 87' lang='lat' dir='ltr'>ad</span> <span class='ocrx_word' id='word_1_97' title='bbox 1722 1529 1978 1619; x_wconf 82' lang='lat' dir='ltr'>olymp.</span> <span class='ocrx_word' id='word_1_98' title='bbox 2015 1547 2151 1597; x_wconf 82' lang='lat' dir='ltr'>clx</span> <span class='ocrx_word' id='word_1_99' title='bbox 2170 1580 2188 1610; x_wconf 94' lang='lat'>‚</span> <span class='ocrx_word' id='word_1_100' title='bbox 2232 1527 2314 1611; x_wconf 76' lang='grc'>4,</span> 
     </span>
    </p>
   </div>
   <div class='ocr_carea' id='block_1_3' title="bbox 241 1629 2435 1726">
    <p class='ocr_par' dir='ltr' id='par_1_3' title="bbox 241 1629 2435 1726">
     <span class='ocr_line' id='line_1_14' title="bbox 241 1629 2435 1726; baseline 0.001 -30"><span class='ocrx_word' id='word_1_101' title='bbox 241 1629 615 1720; x_wconf 86' lang='lat' dir='ltr'>perduxit,</span> <span class='ocrx_word' id='word_1_102' title='bbox 661 1647 734 1698; x_wconf 87' lang='lat' dir='ltr'>ut</span> <span class='ocrx_word' id='word_1_103' title='bbox 772 1654 900 1700; x_wconf 89' lang='lat' dir='ltr'>nos</span> <span class='ocrx_word' id='word_1_104' title='bbox 945 1634 1144 1700; x_wconf 88' lang='lat' dir='ltr'>docet</span> <span class='ocrx_word' id='word_1_105' title='bbox 1182 1630 1559 1716; x_wconf 52' lang='lat' dir='ltr'>Diodorus</span> <span class='ocrx_word' id='word_1_106' title='bbox 1604 1630 1955 1710; x_wconf 80' lang='lat' dir='ltr'>Convenit</span> <span class='ocrx_word' id='word_1_107' title='bbox 1988 1630 2317 1726; x_wconf 81' lang='lat' dir='ltr'>egregie,</span> <span class='ocrx_word' id='word_1_108' title='bbox 2424 1649 2435 1656; x_wconf 74' lang='grc'><strong>“</strong></span> 
     </span>
    </p>
   </div>
   <div class='ocr_carea' id='block_1_4' title="bbox 156 1729 2407 3677">
    <p class='ocr_par' dir='ltr' id='par_1_4' title="bbox 156 1729 2407 3677">
     <span class='ocr_line' id='line_1_15' title="bbox 238 1729 2367 1826; baseline 0.004 -28"><span class='ocrx_word' id='word_1_109' title='bbox 238 1734 431 1820; x_wconf 84' lang='lat' dir='ltr'>quod</span> <span class='ocrx_word' id='word_1_110' title='bbox 481 1729 903 1822; x_wconf 77' lang='lat' dir='ltr'>Paiaephatus</span> <span class='ocrx_word' id='word_1_111' title='bbox 959 1734 1439 1826; x_wconf 80' lang='lat' dir='ltr'>peripateticus</span> <span class='ocrx_word' id='word_1_112' title='bbox 1504 1731 1883 1808; x_wconf 73' lang='lat' dir='ltr'>Aristotelis</span> <span class='ocrx_word' id='word_1_113' title='bbox 1941 1733 2317 1826; x_wconf 80' lang='lat' dir='ltr'>discipulus</span> <span class='ocrx_word' id='word_1_114' title='bbox 2360 1799 2367 1806; x_wconf 88' lang='lat'>.</span> 
     </span>
     <span class='ocr_line' id='line_1_16' title="bbox 246 1831 2315 1928; baseline 0.001 -28"><span class='ocrx_word' id='word_1_115' title='bbox 246 1831 266 1922; x_wconf 86' lang='lat'><strong>(</strong></span> <span class='ocrx_word' id='word_1_116' title='bbox 295 1835 748 1924; x_wconf 80' lang='lat' dir='ltr'>ejusdemque</span> <span class='ocrx_word' id='word_1_117' title='bbox 775 1839 948 1904; x_wconf 89' lang='lat' dir='ltr'>adeo</span> <span class='ocrx_word' id='word_1_118' title='bbox 979 1860 1137 1903; x_wconf 85' lang='lat' dir='ltr'>cum</span> <span class='ocrx_word' id='word_1_119' title='bbox 1171 1837 1451 1928; x_wconf 86' lang='lat' dir='ltr'>Ephoro</span> <span class='ocrx_word' id='word_1_120' title='bbox 1477 1837 1683 1912; x_wconf 68' lang='lat' dir='ltr'>aetatis</span> <span class='ocrx_word' id='word_1_121' title='bbox 1711 1837 1729 1920; x_wconf 92' lang='lat'>)</span> <span class='ocrx_word' id='word_1_122' title='bbox 1772 1834 2103 1928; x_wconf 89' lang='lat' dir='ltr'>Cyrenen</span> <span class='ocrx_word' id='word_1_123' title='bbox 2136 1833 2315 1906; x_wconf 84' lang='lat' dir='ltr'>Gor-</span> 
     </span>
     <span class='ocr_line' id='line_1_17' title="bbox 241 1934 2404 2031; baseline 0.003 -29"><span class='ocrx_word' id='word_1_124' title='bbox 241 1957 506 2030; x_wconf 81' lang='lat' dir='ltr'>gonum</span> <span class='ocrx_word' id='word_1_125' title='bbox 529 1938 614 2006; x_wconf 88' lang='lat' dir='ltr'>ad</span> <span class='ocrx_word' id='word_1_126' title='bbox 641 1934 1027 2008; x_wconf 87' lang='lat' dir='ltr'>Columnas</span> <span class='ocrx_word' id='word_1_127' title='bbox 1059 1942 1238 2031; x_wconf 88' lang='lat' dir='ltr'>ipsas</span> <span class='ocrx_word' id='word_1_128' title='bbox 1281 1940 1588 2030; x_wconf 77' lang='lat' dir='ltr'>posuerit</span> <span class='ocrx_word' id='word_1_129' title='bbox 1625 1937 2027 2009; x_wconf 81' lang='lat' dir='ltr'>Herculeas.</span> <span class='ocrx_word' id='word_1_130' title='bbox 2071 1937 2315 2029; x_wconf 74' lang='lat' dir='ltr'>Itaque</span> <span class='ocrx_word' id='word_1_131' title='bbox 2393 1989 2404 1999; x_wconf 73' lang='lat'><em>,</em></span> 
     </span>
     <span class='ocr_line' id='line_1_18' title="bbox 239 2037 2315 2134; baseline 0.001 -28"><span class='ocrx_word' id='word_1_132' title='bbox 239 2037 344 2106; x_wconf 83' lang='lat' dir='ltr'>his</span> <span class='ocrx_word' id='word_1_133' title='bbox 387 2039 722 2108; x_wconf 87' lang='lat' dir='ltr'>recentior</span> <span class='ocrx_word' id='word_1_134' title='bbox 755 2037 956 2110; x_wconf 87' lang='lat' dir='ltr'>fuerit</span> <span class='ocrx_word' id='word_1_135' title='bbox 989 2059 1262 2134; x_wconf 87' lang='lat' dir='ltr'>oportet</span> <span class='ocrx_word' id='word_1_136' title='bbox 1294 2041 1585 2110; x_wconf 73' lang='lat' dir='ltr'>larvatus</span> <span class='ocrx_word' id='word_1_137' title='bbox 1628 2041 1891 2110; x_wconf 87' lang='lat' dir='ltr'>Hanno</span> <span class='ocrx_word' id='word_1_138' title='bbox 1926 2092 1944 2122; x_wconf 94' lang='lat'>‚</span> <span class='ocrx_word' id='word_1_139' title='bbox 2006 2041 2130 2132; x_wconf 83' lang='lat' dir='ltr'>qui</span> <span class='ocrx_word' id='word_1_140' title='bbox 2172 2057 2315 2108; x_wconf 80' lang='lat' dir='ltr'>tarn</span> 
     </span>
     <span class='ocr_line' id='line_1_19' title="bbox 238 2139 2312 2235; baseline 0.002 -28"><span class='ocrx_word' id='word_1_141' title='bbox 238 2139 456 2235; x_wconf 85' lang='lat' dir='ltr'>longe</span> <span class='ocrx_word' id='word_1_142' title='bbox 490 2139 774 2212; x_wconf 86' lang='lat' dir='ltr'>Cernen</span> <span class='ocrx_word' id='word_1_143' title='bbox 815 2167 1002 2213; x_wconf 85' lang='lat' dir='ltr'>suam</span> <span class='ocrx_word' id='word_1_144' title='bbox 1045 2147 1216 2213; x_wconf 86' lang='lat' dir='ltr'>ultra</span> <span class='ocrx_word' id='word_1_145' title='bbox 1243 2143 1626 2212; x_wconf 78' lang='lat' dir='ltr'>Columnas</span> <span class='ocrx_word' id='word_1_146' title='bbox 1668 2143 1813 2212; x_wconf 71' lang='lat' dir='ltr'>ilias</span> <span class='ocrx_word' id='word_1_147' title='bbox 1840 2145 2312 2214; x_wconf 81' lang='lat' dir='ltr'>summoverit.</span> 
     </span>
     <span class='ocr_line' id='line_1_20' title="bbox 245 2242 2315 2340; baseline 0.001 -30"><span class='ocrx_word' id='word_1_148' title='bbox 245 2242 491 2325; x_wconf 85' lang='lat' dir='ltr'>Quare</span> <span class='ocrx_word' id='word_1_149' title='bbox 543 2244 724 2313; x_wconf 73' lang='lat' dir='ltr'>nihi}</span> <span class='ocrx_word' id='word_1_150' title='bbox 766 2246 984 2316; x_wconf 85' lang='lat' dir='ltr'>hausit</span> <span class='ocrx_word' id='word_1_151' title='bbox 1031 2271 1118 2316; x_wconf 81' lang='lat' dir='ltr'>ex</span> <span class='ocrx_word' id='word_1_152' title='bbox 1165 2247 1521 2340; x_wconf 79' lang='lat' dir='ltr'>Hannone</span> <span class='ocrx_word' id='word_1_153' title='bbox 1570 2243 1857 2338; x_wconf 70' lang='lat' dir='ltr'>Scylax,</span> <span class='ocrx_word' id='word_1_154' title='bbox 1912 2264 1993 2314; x_wconf 82' lang='lat' dir='ltr'>ut</span> <span class='ocrx_word' id='word_1_155' title='bbox 2024 2246 2315 2314; x_wconf 85' lang='lat' dir='ltr'>credidit</span> 
     </span>
     <span class='ocr_line' id='line_1_21' title="bbox 243 2345 2311 2438; baseline 0.003 -28"><span class='ocrx_word' id='word_1_156' title='bbox 243 2345 584 2414; x_wconf 85' lang='lat' dir='ltr'>maximus</span> <span class='ocrx_word' id='word_1_157' title='bbox 633 2346 1000 2418; x_wconf 78' lang='lat' dir='ltr'>Bochartus</span> <span class='ocrx_word' id='word_1_158' title='bbox 1041 2401 1062 2431; x_wconf 91' lang='lat'><strong><em>‚</em></strong></span> <span class='ocrx_word' id='word_1_159' title='bbox 1125 2351 1326 2418; x_wconf 85' lang='lat' dir='ltr'>etiam</span> <span class='ocrx_word' id='word_1_160' title='bbox 1391 2372 1629 2416; x_wconf 85' lang='lat' dir='ltr'>eorum</span> <span class='ocrx_word' id='word_1_161' title='bbox 1683 2371 1835 2438; x_wconf 85' lang='lat' dir='ltr'>quae</span> <span class='ocrx_word' id='word_1_162' title='bbox 1894 2346 2099 2416; x_wconf 84' lang='lat' dir='ltr'>habet</span> <span class='ocrx_word' id='word_1_163' title='bbox 2150 2369 2311 2416; x_wconf 88' lang='lat' dir='ltr'>cum</span> 
     </span>
     <span class='ocr_line' id='line_1_22' title="bbox 241 2445 2311 2542; baseline 0.003 -30"><span class='ocrx_word' id='word_1_164' title='bbox 241 2445 608 2518; x_wconf 77' lang='lat' dir='ltr'>Hannone</span> <span class='ocrx_word' id='word_1_165' title='bbox 655 2453 1082 2534; x_wconf 83' lang='lat' dir='ltr'>communia,</span> <span class='ocrx_word' id='word_1_166' title='bbox 1132 2455 1252 2520; x_wconf 86' lang='lat' dir='ltr'>sed</span> <span class='ocrx_word' id='word_1_167' title='bbox 1299 2473 1384 2520; x_wconf 76' lang='lat' dir='ltr'>ex</span> <span class='ocrx_word' id='word_1_168' title='bbox 1421 2451 1919 2542; x_wconf 82' lang='lat' dir='ltr'>antiquioribus</span> <span class='ocrx_word' id='word_1_169' title='bbox 1954 2449 2311 2518; x_wconf 87' lang='lat' dir='ltr'>Hannone</span> 
     </span>
     <span class='ocr_line' id='line_1_23' title="bbox 241 2547 2309 2644; baseline 0.002 -27"><span class='ocrx_word' id='word_1_170' title='bbox 241 2547 649 2620; x_wconf 82' lang='lat' dir='ltr'>Phoenicum</span> <span class='ocrx_word' id='word_1_171' title='bbox 690 2553 996 2644; x_wconf 66' lang='lat' dir='ltr'>‚ipsorum</span> <span class='ocrx_word' id='word_1_172' title='bbox 1052 2555 1475 2632; x_wconf 83' lang='lat' dir='ltr'>rationibus;</span> <span class='ocrx_word' id='word_1_173' title='bbox 1535 2577 1681 2621; x_wconf 80' lang='lat' dir='ltr'>non</span> <span class='ocrx_word' id='word_1_174' title='bbox 1728 2571 1955 2620; x_wconf 86' lang='lat' dir='ltr'>autem</span> <span class='ocrx_word' id='word_1_175' title='bbox 2000 2577 2087 2621; x_wconf 87' lang='lat' dir='ltr'>ex</span> <span class='ocrx_word' id='word_1_176' title='bbox 2140 2553 2309 2633; x_wconf 79' lang='lat' dir='ltr'>iliis,</span> 
     </span>
     <span class='ocr_line' id='line_1_24' title="bbox 240 2653 2407 2750; baseline 0.001 -30"><span class='ocrx_word' id='word_1_177' title='bbox 240 2674 416 2742; x_wconf 84' lang='lat' dir='ltr'>quas</span> <span class='ocrx_word' id='word_1_178' title='bbox 439 2671 542 2721; x_wconf 90' lang='lat' dir='ltr'>est</span> <span class='ocrx_word' id='word_1_179' title='bbox 563 2672 830 2726; x_wconf 84' lang='lat' dir='ltr'>secutus</span> <span class='ocrx_word' id='word_1_180' title='bbox 856 2657 1120 2726; x_wconf 88' lang='lat' dir='ltr'>Hanno</span> <span class='ocrx_word' id='word_1_181' title='bbox 1141 2659 1291 2750; x_wconf 76' lang='lat' dir='ltr'>ipse</span> <span class='ocrx_word' id='word_1_182' title='bbox 1307 2709 1326 2737; x_wconf 90' lang='lat'><strong>,</strong></span> <span class='ocrx_word' id='word_1_183' title='bbox 1353 2655 1939 2746; x_wconf 83' lang='lat' dir='ltr'>Libyphoenicum.</span> <span class='ocrx_word' id='word_1_184' title='bbox 1964 2653 2125 2723; x_wconf 83' lang='lat' dir='ltr'>Erat</span> <span class='ocrx_word' id='word_1_185' title='bbox 2148 2676 2315 2724; x_wconf 88' lang='lat' dir='ltr'>sane</span> <span class='ocrx_word' id='word_1_186' title='bbox 2400 2699 2407 2706; x_wconf 93' lang='lat'>-</span> 
     </span>
     <span class='ocr_line' id='line_1_25' title="bbox 240 2753 2313 2846; baseline 0.003 -26"><span class='ocrx_word' id='word_1_187' title='bbox 240 2755 312 2821; x_wconf 85' lang='lat' dir='ltr'>in</span> <span class='ocrx_word' id='word_1_188' title='bbox 336 2753 836 2846; x_wconf 84' lang='lat' dir='ltr'>antiquioribus</span> <span class='ocrx_word' id='word_1_189' title='bbox 860 2758 991 2828; x_wconf 78' lang='lat' dir='ltr'>iilis</span> <span class='ocrx_word' id='word_1_190' title='bbox 1018 2759 1400 2828; x_wconf 86' lang='lat' dir='ltr'>rationibus</span> <span class='ocrx_word' id='word_1_191' title='bbox 1425 2758 1701 2826; x_wconf 84' lang='lat' dir='ltr'>urbium</span> <span class='ocrx_word' id='word_1_192' title='bbox 1734 2761 2107 2826; x_wconf 86' lang='lat' dir='ltr'>earundem</span> <span class='ocrx_word' id='word_1_193' title='bbox 2127 2779 2313 2826; x_wconf 83' lang='lat' dir='ltr'>men-</span> 
     </span>
     <span class='ocr_line' id='line_1_26' title="bbox 243 2855 2313 2958; baseline 0.001 -35"><span class='ocrx_word' id='word_1_194' title='bbox 243 2857 340 2924; x_wconf 90' lang='lat' dir='ltr'>tio</span> <span class='ocrx_word' id='word_1_195' title='bbox 362 2907 381 2938; x_wconf 93' lang='lat'>,</span> <span class='ocrx_word' id='word_1_196' title='bbox 405 2879 596 2947; x_wconf 84' lang='lat' dir='ltr'>quas</span> <span class='ocrx_word' id='word_1_197' title='bbox 639 2883 678 2928; x_wconf 88' lang='lat' dir='ltr'>a</span> <span class='ocrx_word' id='word_1_198' title='bbox 709 2884 784 2928; x_wconf 86' lang='lat' dir='ltr'>se</span> <span class='ocrx_word' id='word_1_199' title='bbox 813 2863 1121 2931; x_wconf 88' lang='lat' dir='ltr'>conditas</span> <span class='ocrx_word' id='word_1_200' title='bbox 1152 2863 1482 2958; x_wconf 84' lang='lat' dir='ltr'>gloriatur</span> <span class='ocrx_word' id='word_1_201' title='bbox 1508 2861 1797 2930; x_wconf 77' lang='lat' dir='ltr'>Hanno,</span> <span class='ocrx_word' id='word_1_202' title='bbox 1838 2855 2091 2936; x_wconf 62' lang='grc' dir='ltr'>Καεικόι</span> <span class='ocrx_word' id='word_1_203' title='bbox 2118 2859 2313 2950; x_wconf 55' lang='lat' dir='ltr'>nipe:</span> 
     </span>
     <span class='ocr_line' id='line_1_27' title="bbox 239 2961 2365 3056; baseline 0.001 -30"><span class='ocrx_word' id='word_1_204' title='bbox 239 2961 648 3032; x_wconf 79' lang='lat' dir='ltr'>memoravit</span> <span class='ocrx_word' id='word_1_205' title='bbox 687 2965 1031 3056; x_wconf 86' lang='lat' dir='ltr'>antiquior</span> <span class='ocrx_word' id='word_1_206' title='bbox 1059 2964 1769 3056; x_wconf 82' lang='lat' dir='ltr'>Hannone.Ephorus</span> <span class='ocrx_word' id='word_1_207' title='bbox 1808 2988 1827 3032; x_wconf 72' lang='grc' dir='ltr'><strong>ι</strong></span> <span class='ocrx_word' id='word_1_208' title='bbox 1860 2967 2139 3029; x_wconf 66' lang='grc' dir='ltr'>Μάλειαν</span> <span class='ocrx_word' id='word_1_209' title='bbox 2172 2963 2328 3031; x_wconf 68' lang='lat' dir='ltr'>He·v</span> <span class='ocrx_word' id='word_1_210' title='bbox 2350 3001 2365 3028; x_wconf 54' lang='grc' dir='ltr'><strong>ι</strong></span> 
     </span>
     <span class='ocr_line' id='line_1_28' title="bbox 236 3062 2309 3156; baseline 0.003 -28"><span class='ocrx_word' id='word_1_211' title='bbox 236 3078 488 3130; x_wconf 85' lang='lat' dir='ltr'>cataeus</span> <span class='ocrx_word' id='word_1_212' title='bbox 517 3062 832 3135; x_wconf 78' lang='lat' dir='ltr'>Milesius</span> <span class='ocrx_word' id='word_1_213' title='bbox 875 3067 998 3156; x_wconf 83' lang='lat' dir='ltr'>(in</span> <span class='ocrx_word' id='word_1_214' title='bbox 1035 3064 1429 3153; x_wconf 63' lang='grc' dir='ltr'>Πιειυγῦσυ,</span> <span class='ocrx_word' id='word_1_215' title='bbox 1472 3084 1551 3134; x_wconf 81' lang='lat' dir='ltr'>ut</span> <span class='ocrx_word' id='word_1_216' title='bbox 1592 3067 1859 3136; x_wconf 70' lang='lat' dir='ltr'>videtur</span> <span class='ocrx_word' id='word_1_217' title='bbox 1884 3115 1905 3147; x_wconf 85' lang='lat'><em>,</em></span> <span class='ocrx_word' id='word_1_218' title='bbox 1932 3105 1935 3110; x_wconf 96' lang='lat'>-</span> <span class='ocrx_word' id='word_1_219' title='bbox 1958 3065 2217 3134; x_wconf 63' lang='grc' dir='ltr'>Λιξυκῦν</span> <span class='ocrx_word' id='word_1_220' title='bbox 2252 3069 2267 3152; x_wconf 85' lang='grc'><strong>)</strong></span> <span class='ocrx_word' id='word_1_221' title='bbox 2288 3117 2309 3149; x_wconf 92' lang='grc'><strong><em>,</em></strong></span> 
     </span>
     <span class='ocr_line' id='line_1_29' title="bbox 239 3159 2313 3260; baseline 0.003 -28"><span class='ocrx_word' id='word_1_222' title='bbox 239 3159 654 3232; x_wconf 68' lang='lat' dir='ltr'>Graecorum.</span> <span class='ocrx_word' id='word_1_223' title='bbox 668 3168 1140 3239; x_wconf 83' lang='lat' dir='ltr'>historicorum</span> <span class='ocrx_word' id='word_1_224' title='bbox 1173 3169 1318 3238; x_wconf 83' lang='lat' dir='ltr'>fere</span> <span class='ocrx_word' id='word_1_225' title='bbox 1349 3168 1905 3260; x_wconf 81' lang='lat' dir='ltr'>antiquissimus:</span> <span class='ocrx_word' id='word_1_226' title='bbox 1940 3187 2313 3258; x_wconf 88' lang='lat' dir='ltr'>utrumque</span> 
     </span>
     <span class='ocr_line' id='line_1_30' title="bbox 236 3263 2403 3372; baseline 0.003 -39"><span class='ocrx_word' id='word_1_227' title='bbox 236 3268 447 3335; x_wconf 87' lang='lat' dir='ltr'>docet</span> <span class='ocrx_word' id='word_1_228' title='bbox 479 3263 890 3362; x_wconf 79' lang='lat' dir='ltr'>Stephanus.</span> <span class='ocrx_word' id='word_1_229' title='bbox 919 3273 1124 3340; x_wconf 83' lang='lat' dir='ltr'>Tunc</span> <span class='ocrx_word' id='word_1_230' title='bbox 1155 3291 1383 3341; x_wconf 84' lang='lat' dir='ltr'>autem</span> <span class='ocrx_word' id='word_1_231' title='bbox 1416 3289 1595 3340; x_wconf 87' lang='lat' dir='ltr'>certe</span> <span class='ocrx_word' id='word_1_232' title='bbox 1628 3295 1775 3340; x_wconf 92' lang='lat' dir='ltr'>non</span> <span class='ocrx_word' id='word_1_233' title='bbox 1802 3288 2119 3372; x_wconf 78' lang='lat' dir='ltr'>poterant</span> <span class='ocrx_word' id='word_1_234' title='bbox 2140 3270 2315 3339; x_wconf 84' lang='lat' dir='ltr'>Car·</span> <span class='ocrx_word' id='word_1_235' title='bbox 2396 3355 2403 3364; x_wconf 35' lang='lat'>·</span> 
     </span>
     <span class='ocr_line' id='line_1_31' title="bbox 235 3369 2312 3464; baseline 0.002 -30"><span class='ocrx_word' id='word_1_236' title='bbox 235 3369 776 3464; x_wconf 84' lang='lat' dir='ltr'>thaginiensium</span> <span class='ocrx_word' id='word_1_237' title='bbox 817 3399 922 3444; x_wconf 86' lang='lat' dir='ltr'>res</span> <span class='ocrx_word' id='word_1_238' title='bbox 965 3373 1174 3444; x_wconf 61' lang='lat' dir='ltr'>fixisse</span> <span class='ocrx_word' id='word_1_239' title='bbox 1213 3375 1729 3445; x_wconf 67' lang='lat' dir='ltr'>florentissimae.</span> <span class='ocrx_word' id='word_1_240' title='bbox 1780 3373 2125 3443; x_wconf 85' lang='lat' dir='ltr'>Poterant·</span> <span class='ocrx_word' id='word_1_241' title='bbox 2144 3395 2312 3441; x_wconf 84' lang='lat' dir='ltr'>vero</span> 
     </span>
     <span class='ocr_line' id='line_1_32' title="bbox 236 3475 2309 3564; baseline 0.002 -28"><span class='ocrx_word' id='word_1_242' title='bbox 236 3487 386 3536; x_wconf 89' lang='lat' dir='ltr'>tum</span> <span class='ocrx_word' id='word_1_243' title='bbox 451 3495 738 3564; x_wconf 86' lang='lat' dir='ltr'>quoque</span> <span class='ocrx_word' id='word_1_244' title='bbox 791 3479 910 3546; x_wconf 84' lang='lat' dir='ltr'>has</span> <span class='ocrx_word' id='word_1_245' title='bbox 971 3478 1280 3548; x_wconf 88' lang='lat' dir='ltr'>colonias</span> <span class='ocrx_word' id='word_1_246' title='bbox 1348 3477 1472 3546; x_wconf 76' lang='lat' dir='ltr'>sthi</span> <span class='ocrx_word' id='word_1_247' title='bbox 1534 3478 1922 3546; x_wconf 78' lang='lat' dir='ltr'>vendicare</span> <span class='ocrx_word' id='word_1_248' title='bbox 1950 3475 2309 3546; x_wconf 82' lang='lat' dir='ltr'>Phoenices</span> 
     </span>
     <span class='ocr_line' id='line_1_33' title="bbox 156 3571 2309 3677; baseline 0.002 -37"><span class='ocrx_word' id='word_1_249' title='bbox 156 3605 168 3616; x_wconf 54' lang='lat'><em>1</em></span> <span class='ocrx_word' id='word_1_250' title='bbox 238 3571 460 3664; x_wconf 86' lang='lat' dir='ltr'>Tyrii.</span> <span class='ocrx_word' id='word_1_251' title='bbox 503 3574 673 3644; x_wconf 90' lang='lat' dir='ltr'>Non</span> <span class='ocrx_word' id='word_1_252' title='bbox 709 3595 938 3649; x_wconf 86' lang='lat' dir='ltr'>tamen</span> <span class='ocrx_word' id='word_1_253' title='bbox 986 3581 1415 3677; x_wconf 84' lang='lat' dir='ltr'>negaverim,</span> <span class='ocrx_word' id='word_1_254' title='bbox 1462 3581 1667 3650; x_wconf 86' lang='lat' dir='ltr'>etiam</span> <span class='ocrx_word' id='word_1_255' title='bbox 1703 3579 2040 3650; x_wconf 88' lang='lat' dir='ltr'>Herodoti</span> <span class='ocrx_word' id='word_1_256' title='bbox 2081 3591 2265 3646; x_wconf 85' lang='lat' dir='ltr'>aetate</span> <span class='ocrx_word' id='word_1_257' title='bbox 2289 3624 2309 3655; x_wconf 86' lang='lat'><strong>,</strong></span> 
     </span>
    </p>
   </div>
   <div class='ocr_carea' id='block_1_5' title="bbox 320 3801 543 3862">
    <p class='ocr_par' dir='ltr' id='par_1_5' title="bbox 320 3801 543 3862">
     <span class='ocr_line' id='line_1_34' title="bbox 320 3801 543 3862; baseline 0 0"><span class='ocrx_word' id='word_1_258' title='bbox 320 3812 332 3832; x_wconf 83' lang='lat'>¹</span> <span class='ocrx_word' id='word_1_259' title='bbox 361 3810 408 3862; x_wconf 87' lang='lat' dir='ltr'>S.</span> <span class='ocrx_word' id='word_1_260' title='bbox 451 3801 543 3862; x_wconf 78' lang='lat' dir='ltr'>vl.</span> 
     </span>
    </p>
   </div>
  </div>
 </body>
</html>
