2809 4642
932 416 937 420 Δ
1014 348 1101 399 ΙΝ
1160 338 1648 400 ΗΑΝΝΟΝΕΜ.
2271 358 2386 421 77,

438 441 659 519 Etcum
696 451 852 521 aliis
886 451 1331 543 sequentibus
1362 454 1668 541 ejusdem
1773 479 1790 519 ι

520 603 655 667 Auru
689 602 891 665 aad&
925 600 1009 665 ἐπὶ
1043 605 1228 691 βάθρα
1268 598 1514 668 Actaeis&
1547 598 1787 683 Κάδμος
1820 601 2030 685 deqv‘fgv

530 695 782 775 Ammius
818 690 1034 759 πολίων
1070 694 1440 772 ἑκαἾοντιίαΩι·
1472 695 1611 759 Aba
1647 691 1722 758 θ’
1765 693 1937 759 index

528 787 762 848 Δόσζατα
786 784 1010 855 λαΐνέοις
1031 786 1284 873 ὖψυμινσι
1314 782 1495 873 πίχαι
1523 810 1754 869 wyssae·

530 873 655 940 Ku'm
676 878 857 946 neiis-tr
879 870 1082 967 ἴχρῆες
1112 878 1512 954 ε’πεςρμτίωνπ
1535 875 1796 965 panni.

442 1014 589 1113 Dedit
606 1038 853 1121 pedum
832 1060 892 1099 m
928 1037 1119 1099 solum
1148 1037 1460 1121 Librsticae
1499 1038 1764 1103 Cadmus
1797 1056 1959 1103 terroe

444 1124 699 1192 Exstruens
731 1132 1033 1197 civitatum
1072 1132 1502 1203 centenarium,·
1543 1133 1702 1194 dedit
1737 1156 1862 1195 vero
1899 1137 2102 1219 cuique

409 1216 683 1294 Inaccessa
714 1223 957 1309 lapideis
988 1222 1208 1285 elevata
1246 1225 1465 1285 moenia
1489 1223 1786 1285 turribus:

447 1307 582 1375 Illius
604 1319 912 1378 memoriam
942 1316 1214 1379 habentes
1251 1314 1589 1379 incedebant
1615 1314 1843 1379 milites.

374 1508 425 1560 S·
453 1500 523 1559 Vl.
554 1502 805 1581 Explicatur
836 1507 1108 1597 quomodo
1138 1508 1225 1563 alii
1250 1510 1694 1596 antiquissimam,
1733 1506 1821 1563 alii
1851 1514 2200 1567 recentiorem
2229 1514 2360 1571 Car-

960 1584 1235 1669 thaginem
1260 1602 1369 1637 esse
1400 1583 1680 1679 voluerint.

461 1744 546 1817 Sic
568 1756 695 1823 satis
726 1775 931 1848 atque
962 1780 1163 1849 super
1198 1778 1285 1823 ex
1325 1772 1426 1822 tot
1465 1728 1892 1849 argumentis
1923 1779 2356 1850 compertum

370 1846 637 1923 habemus
670 1860 1011 1949 antiquam
1061 1860 1426 1950 quamdam
1471 1856 1934 1926 celebritatem
1977 1860 2136 1928 hinc
2193 1863 2356 1931 inde

364 1954 751 2039 percrebuisse
782 1964 871 2029 de
906 1962 1171 2039 multiS,
1214 1979 1357 2052 tum
1389 1961 1756 2051 praesertim
1786 1963 1872 2029 de
1915 1960 2356 2035 Phoenicibus

366 2050 529 2139 hujus
568 2060 703 2129 olim
753 2064 967 2133 litoris
1019 2063 1448 2131 occid-entem
1500 2084 1738 2131 versus
1793 2063 2308 2158 indagatoribus
2335 2119 2354 2150 ,

362 2154 477 2223 imo
508 2178 560 2228 et
583 2163 827 2235 mcohs
876 2165 1275 2234 Phoenicum
1325 2182 1552 2232 autem
1599 2187 1924 2258 magnam
1973 2167 2138 2233 his
2117 2192 2190 2235 m
2244 2194 2354 2238 re-

292 2258 620 2352 gionibus
682 2284 1084 2359 potestatem
1148 2250 1548 2357 aliquandiu
1633 2284 2068 2336 extenuatam
2141 2268 2354 2339 fuisse

356 2366 646 2455 suspicor.
648 2370 852 2437 illud
878 2387 1156 2439 testatur
1198 2392 1424 2437 novus
1457 2368 1624 2436 hic
1605 2392 1767 2461 ipse
1797 2368 2294 2465 Carthaginis
2277 2396 2352 2441 m

346 2484 637 2555 posterum
667 2474 1007 2543 nascentis
1030 2470 1385 2563 splendor,
1408 2472 1532 2562 qui
1553 2471 1843 2539 deletam
1871 2477 2351 2543 tantummodo

344 2590 579 2639 avorum
612 2574 891 2669 gloriam
936 2573 1267 2667 subsequi
1314 2574 1562 2665 potuit.
1621 2572 1798 2641 Illud
1851 2584 2144 2664 quoque'
2177 2580 2352 2647 adeo

335 2676 651 2747 contrarias
692 2680 782 2745 de
820 2678 1109 2744 c-ondita
1152 2674 1579 2771 Carthagine
1625 2676 1994 2766 opiniones
2038 2678 2215 2748 inter
2273 2705 2350 2749 se
2406 2731 2420 2739 ,

330 2796 689 2868 componet,
730 2779 788 2847 si
820 2782 997 2847 hanc
1028 2777 1484 2865 Phoenicum
1465 2801 1538 2845 m
1568 2776 1780 2867 Libya
1805 2797 2214 2869 potestatem
2249 2784 2352 2851 in-

314 2882 553 2947 terdum
604 2881 999 2976 languidam
1039 2930 1057 2960 ,
1119 2882 1391 2947 iterum‘
1427 2879 1794 2947 surrexisse
1844 2883 2292 2971 conjiciamus
2327 2939 2348 2969 ,
2409 2954 2417 2957 ,
2490 2916 2497 2920 ·

306 3006 470 3052 nova
506 2986 585 3052 ad
624 2984 866 3051 urbem
912 2983 1185 3051 alteram
1232 2984 1668 3049 condendam
1709 2983 2121 3079 adveniente
2163 2987 2353 3055 colo-
2400 3062 2410 3071 ,

296 3088 428 3155 nia.
468 3083 571 3156 Sic
616 3086 909 3153 maxima
950 3083 1422 3179 Carthaginis,
1472 3108 1680 3175 quam
1726 3084 2088 3175 Appianas
2131 3106 2198 3155 et
2237 3090 2350 3159 alii

256 3188 561 3272 molunt,
602 3188 1006 3278 antiquitaS,
1045 3185 1480 3256 Phoenicibus
1519 3210 1676 3253 vere
1712 3186 2085 3267 tribuetur3
2123 3207 2191 3257 et
2220 3192 2351 3261 erit

277 3297 423 3390 ipsa
476 3290 831 3385 Carthago
876 3312 1154 3357 summae
1198 3289 1620 3379 antiquitatis
1668 3306 1736 3357 et
1776 3290 2008 3384 gloriae
2055 3307 2350 3359 tantum-

278 3398 483 3465 modo
514 3396 751 3463 haeres.
786 3392 1019 3477 Quod
1040 3392 1347 3467 innuunt
1375 3392 1512 3457 haec
1541 3388 1758 3459 Solini
1778 3390 2028 3459 verba²
2063 3394 2351 3463 :Elissa

271 3498 496 3570 mulier
542 3499 876 3565 exstruxit
926 3511 989 3561 et
1029 3491 1432 3561 Carthadam
1487 3494 1663 3560 dixit
1684 3540 1702 3569 ,
1762 3494 1928 3587 quod
1972 3481 2378 3563 Phaenicum

218 3630 225 3638 ’
268 3626 370 3673 ore
410 3604 719 3693 exprimit
757 3600 1073 3671 civitatem
1112 3608 1351 3664 novam.
1391 3594 1665 3663 Etenim
1707 3594 1874 3663 vidit
1913 3594 2287 3663 Bochartus
2317 3595 2342 3643 ³

339 3774 585 3833 'Nonn.
610 3770 645 3826 l.
668 3784 804 3835 xm,
830 3789 879 3823 v.
910 3770 1045 3843 364,
1084 3784 1161 3843 sq.
1209 3798 1283 3807 ——
1342 3764 1521 3839 ²Cap.
1539 3785 1631 3836 70.
1687 3793 1760 3805 —-
1817 3761 2028 3835 ³Geogr.
2045 3782 2168 3817 sacr.
2186 3761 2346 3830 lib.‚1

270 3874 312 3909 c.
333 3865 427 3925 24,
449 3850 554 3905 col.
578 3842 735 3917 468.
1316 3880 1321 3887 .
1862 3895 1871 3900 μ
