2809 4642
935 344 939 349 -
1018 308 1108 373 11³1
1168 304 1609 371 chLAcEM.
1826 333 1835 351 ι
2082 356 2095 371 .
2150 328 2153 333 ·
2227 297 2363 393 53‘7·

287 406 408 482 Hic·
461 432 665 483 autem
704 418 874 481 locu-s
910 406 1243 503 appellatur
1290 418 1647 507 Exploratio
1673 466 1694 495 ,
1746 417 1915 502 quod
1964 419 2213 480 latentia
2250 419 2373 481 'sub

285 508 454 589 aquis
476 504 618 567 sax‘a
641 504 852 567 bolide
869 526 978 567 sua
1005 508 1248 567 nautica
1273 508 1845 586 praeternavigantes
1870 502 2180 585 explorare
2204 518 2384 585 coge⁴

290 607 533 667 rentur,
583 612 658 652 ne
693 588 982 673 naufragii
1019 590 1358 673 periculum
1397 588 1687 650 subirent.
1738 586 2163 667 Quamobrem
2206 588 2378 650 Mer-

286 679 462 737 curio
498 682 622 755 ejus
649 678 729 735 rei
757 672 945 736 indici
983 693 1044 735 et
1071 677 1301 735 nuncio
1323 696 1536 735 saxum
1570 672 1665 751 id,
1702 677 1831 737 sive
1853 676 2341 755 promuntorium
2362 719 2378 747 ‚

284 742 663 823 dedicarant.
706 759 876 820 Num
915 758 1076 820 idem
1118 762 1236 833 sit,
1269 759 1438 841 quod
1476 756 1863 841 Ampelusia,
1908 756 2147 819 dubito,
2188 755 2380 819 Pom-

282 848 506 927 ponius
545 843 715 907 Mela
736 888 754 917 ,
790 844 894 905 lib.
928 861 986 917 1·,
1027 866 1156 927 cap.
1193 862 1218 923 5
1251 867 1266 903 ε
1297 844 1525 907 Primoe
1551 861 1751 929 partes
1788 840 1911 905 illae
1933 841 2195 929 Europa?
2212 888 2233 918 ,
2289 842 2380 904 hae

283 928 532 1007 Africae.
565 931 721 1011 Ejus
763 953 876 991 orae
910 931 1066 1007 finis
1113 926 1429 989 Mulucha
1472 952 1489 989 ε
1539 946 1721 1018 caput
1748 944 1925 1013 atque
1955 929 2251 989 exordium
2298 942 2384 987 est

277 1017 776 1097 promuntorium,
803 1016 964 1098 quod
983 1012 1184 1074 Graeci
1205 1014 1264 1075 A
1273 1012 1619 1097 mpelusiam
1640 1060 1661 1088 ,
1692 1014 1751 1073 A
1740 1013 1834 1091 [η’
1860 1012 2035 1073 aliter
2042 1060 2063 1088 ,
2107 1013 2210 1075 sed
2235 1012 2382 1073 idem

282 1097 650 1182 significante
671 1097 950 1161 vocabulo
963 1142 984 1170 ,
1024 1095 1345 1181 appellant.
1369 1096 1707 1157 Ptolemaeo
1740 1096 1837 1158 hic
1864 1116 1949 1157 est
1976 1097 2167 1164 Κώης
2193 1087 2353 1183 lupar
2372 1114 2402 1155 ε·

283 1204 358 1241 an
387 1202 550 1245 recte
569 1230 586 1257 ,
615 1182 883 1263 ambigo,
912 1179 1100 1241 Certe
1123 1180 1295 1241 illum
1321 1184 1521 1241 sinum
1546 1226 1563 1253 ‚
1584 1202 1764 1265 quem
1790 1179 1995 1262 Abyle
2020 1200 2080 1241 et
2102 1181 2387 1241 Hermaea

282 1271 708 1349 promuntoria
739 1263 1109 1336 conficiunt,
1149 1263 1355 1325 Coten
1385 1264 1675 1347 appellari
1711 1263 1931 1326 diserte
1955 1275 2207 1327 testatur
2238 1264 2388 1347 Scyv

282 1350 418 1425 lax;
461 1353 822 1433 non,ipsum
861 1352 1370 1431 promuntorium.
1414 1348 1649 1411 Urbem
1697 1364 1899 1419 tamen
1936 1349 2205 1426 ejusdem
2246 1360 2385 1414 cum

285 1434 411 1497 hoc
436 1440 572 1496 sinu
603 1438 867 1497 nominis
899 1430 1352 1496 refert.Plinius
1377 1434 1484 1497 lib.
1514 1450 1585 1510 v,
1608 1454 1738 1515 cap.
1790 1451 1810 1491 1
1846 1458 1861 1493 =
1902 1434 2388 1496 promuntorium

291 1520 521 1581 Oceani
546 1521 828 1582 extimum
849 1516 1204 1603 Ampelusia
1230 1522 1573 1581 nominatur
1592 1540 1629 1581 a
1660 1517 1913 1583 Graecis.
1964 1519 2209 1605 Oppida
2216 1520 2390 1597 fuere

292 1605 494 1674 Lixo,
541 1606 748 1681 Cotes,
794 1602 948 1665 ultra
981 1603 1307 1666 Columnas
1343 1603 1648 1668 Herculis,
1697 1604 1957 1669 Vossius.

380 1689 523 1767 764.
572 1686 780 1771 Vulgo
801 1682 1022 1771 Φλοιὸν]
1059 1686 1292 1763 (baim.
1311 1706 1376 1749 ut
1401 1689 1536 1750 vult
1564 1688 1891 1751 Salmasius
1918 1690 2045 1770 (a),
2068 1688 2171 1761 vel,
2192 1690 2392 1771 potius

299 1770 514 1842 Φλέως.
549 1774 658 1836 De
683 1796 804 1857 qua
837 1770 964 1835 vid.
998 1772 1492 1856 Theophrastum
1534 1775 1668 1854 (h),
1709 1792 1766 1836 et
1796 1772 2163 1835 Salmasium
2194 1774 2309 1854 (c).

370 1860 628 1921 Arunda
654 1856 1188 1945 Ainpelodesmon,
1226 1858 1379 1921 nach
1404 1858 1685 1945 Sprengel
1699 1907 1720 1934 ,
1771 1862 1857 1920 ait
1884 1855 2225 1920 Schneider
2266 1858 2392 1937 (d).

287 1942 442 2019 Qua
471 1943 548 2005 de
577 1944 781 2025 planta
821 1941 898 2005 cf.
921 1940 1198 2004 Salmasii
1221 1942 1444 2004 librum
1467 1946 1537 2005 de
1558 1944 1929 2023 Homonym.
1973 1945 2093 2023 (e).
2244 2005 2251 2011 ,

219 2059 248 2097 ι
379 2027 522 2109 765.
548 2027 755 2113 Vulgo
773 2025 1082 2111 Κηφηωαίς]
1113 2027 1423 2091 Rescribit
1445 2027 1775 2090 Salmasius
1800 2025 2082 2103 Κεφησταίς.
2103 2026 2396 2086 Ceterum

289 2110 586 2185 videntur
611 2114 736 2175 haec
765 2138 779 2173 t
813 2110 883 2193 τξῖ
913 2105 992 2171 Ν
1019 2107 1178 2195 λζᾳνῃ
1214 2111 1390 2193 ταύτῃ
1428 2101 1595 2191 isram
1628 2113 1933 2190 Κεφηωοὶς,
1974 2112 2055 2197 τῷ
2097 2104 2169 2171 <N
2210 2106 2396 2188 κόλπῳ

289 2193 520 2269 Κῶπγς,
555 2202 904 2260 recentior-is
929 2218 1142 2259 manus
1168 2218 1319 2281 opus
1342 2216 1485 2260 esse.
1507 2196 1763 2261 Scilicet
1792 2218 1914 2258 non
1936 2200 2019 2257 ita
2038 2216 2170 2257 sero
2199 2211 2403 2256 noster

293 2284 558 2343 nomina
601 2281 877 2363 adpingit
907 2328 922 2355 ,
970 2292 1291 2366 postquam
1331 2298 1460 2343 rem
1508 2280 1924 2365 descripserim
1978 2300 2035 2342 et
2080 2280 2207 2341 haec
2260 2299 2401 2341 sunt

295 2369 516 2427 nescio
560 2369 728 2439 cujus
761 2410 778 2439 ,
819 2370 926 2449 qui
969 2365 1206 2449 aliquid
1248 2370 1310 2431 in
1349 2385 1589 2449 promtu
1634 2367 1851 2429 habuit
1879 2413 1897 2440 ‚
1940 2364 2109 2447 quod
2148 2362 2401 2425 adderet

289 2449 592 2532 scylaceae
617 2448 933 2511 doctrinae.
977 2450 1100 2513 Sed
1125 2451 1254 2515 haec
1280 2450 1481 2515 forsan
1508 2455 1801 2533 genuina;
1828 2472 1971 2511 nam
2010 2470 2134 2510 non
2168 2450 2421 2530 semper'

285 2536 409 2597 sibi
451 2549 738 2597 constant
762 2550 1058 2598 auctores.

386 2620 533 2698 766.
575 2614 812 2703 Κότυς]
856 2620 1025 2683 Cotes
1059 2620 1349 2683 Straboni
1394 2641 1453 2682 et
1496 2620 1834 2685 Ptolemaeo
1872 2638 1961 2682 est
1999 2618 2225 2682 Africae
2264 2629 2402 2699 prb-

293 2707 678 2767 montorium
719 2706 779 2763 in
825 2720 1096 2767 extremo
1144 2704 1298 2770 freto
1341 2711 1542 2767 situm.
1587 2704 1749 2767 Puto
1797 2705 2022 2766 Poenos
2071 2701 2403 2787 adpellasse

295 2802 442 2875 qm?
483 2790 674 2869 CotefJ,
721 2786 786 2859 id
817 2806 939 2863 est,
977 2786 1032 2851 οἳ
1067 2790 1363 2871 ηουγὲἶνπς
1391 2791 1837 2865 vindemiantis,
1874 2793 2025 2873 quia
2047 2788 2221 2851 Mela
2256 2787 2407 2851 Am·

288 2876 586 2962 pelusium
607 2877 880 2956 exponit.
910 2874 1118 2938 Verba
1147 2893 1328 2949 suntz
1359 2876 1565 2960 Caput
1578 2891 1753 2959 atque
1767 2876 2069 2937 exordium
2098 2872 2403 2955 (Africae)

297 2974 388 3023 est
424 2960 926 3046 promontorium,
970 2962 1140 3045 quod·
1179 2958 1379 3022 Groeci
1414 2958 1836 3045 Ampelusiam
1849 3008 1871 3037 ,
1910 2960 2056 3037 Afri
2082 2956 2275 3034 aliter,
2310 2960 2413 3019 sed

296 3047 456 3107 idem
477 3045 847 3127 significante
870 3043 1172 3121 vocabulo,
1193 3043 1517 3133 appellant.
1538 3044 1743 3107 Plinio
1768 3066 2014 3130 quoque
2040 3043 2106 3106 id
2128 3064 2408 3128 promon-

295 3132 533 3192 torium
579 3129 937 3213 Ampelusia
979 3128 1244 3195 dicitnr:
1287 3128 1394 3191 sed
1425 3129 1618 3193 Cotes
1654 3150 1743 3193 est
1775 3134 2047 3193 vicinum
2089 3128 2405 3212 oppidum.

296 3216 785 3277 Promontorium
805 3263 828 3289 ,
867 3220 988 3289 ait,
1033 3214 1253 3276 Oceani
1299 3218 1583 3279 extimum
1612 3214 1969 3299 Ampelusia
2011 3217 2349 3277 nominatur
2370 3232 2407 3269 a

303 3300 564 3362 Graecis.
610 3299 849 3384 Oppida
869 3304 1040 3377 fitere
1081 3299 1240 3361 Lixa
1257 3348 1280 3376 ,
1333 3300 1504 3362 Cotes
1520 3349 1543 3377 ,
1594 3300 1749 3364 ultra
1792 3300 2122 3364 Columnas
2158 3296 2404 3358 Hercu-

295 3385 416 3463 lis,
446 3380 572 3445 ἃς.
608 3383 692 3443 At
727 3386 788 3443 in
826 3380 1082 3467 Scylace
1109 3383 1423 3451 Kob‘tnrest
1453 3388 1618 3447 sinus
1646 3388 1706 3447 in
1737 3389 1865 3469 ipso
1904 3383 2058 3451 freto
2086 3386 2241 3442 inter
2272 3376 2405 3438 Co-

303 3468 550 3529 lumnas
583 3485 643 3528 et
671 3460 930 3547 Ἐρμαίσιὺ
957 3452 1148 3555 ἄκραι.
1198 3466 1303 3530 Sic
1349 3468 1453 3529 ille
1491 3487 1670 3531 vocat
1707 3466 2125 3551 Ampelusiam
2166 3481 2409 3546 propter

293 3552 518 3633 {jupam
547 3546 834 3633 pastina.
860 3569 1025 3615 vasta
1052 3548 1345 3627 hermam,
1381 3575 1518 3636 quae
1551 3552 1697 3616 inde
1730 3548 1976 3614 extendi
2010 3547 2194 3610 tradit
2221 3556 2407 3631 usque

299 3636 383 3698 ad
422 3636 689 3719 Europae
725 3636 978 3699 Sacrum
1013 3638 1523 3721 promontorium.
1572 3636 1850 3700 Boc-hart.
1968 3654 1973 3657 ·

359 3800 428 3850 (a)
457 3801 506 3839 ln
526 3799 706 3839 Plinian.
724 3798 890 3839 Exercit.
911 3814 956 3853 p.
976 3799 1057 3841 612
1080 3811 1120 3841 et
1137 3814 1234 3857 705.
1453 3801 1519 3853 (d)
1551 3798 2001 3841 Griechlsclz-Deutsches
2027 3795 2228 3839 Waemrh.

360 3856 425 3907 (h)
456 3855 566 3900 Hist.
583 3856 712 3909 plant.
738 3868 798 3903 w,
815 3870 856 3911 9.
1407 3876 1413 3885 ·
1450 3859 1511 3909 (e)
1542 3859 1605 3898 De
1639 3856 1873 3906 Hemonym,
1912 3852 2013 3905 ΗΜ.
2059 3855 2145 3894 ἰαιν.
2196 3866 2287 3907 cap.
2323 3849 2369 3891 61
2397 3866 2417 3899 i·

307 3946 318 3955 .
357 3914 422 3967 (c)
461 3913 560 3954 [οε.
583 3916 656 3954 εῖτ.
677 3925 766 3967 pag.
789 3924 868 3968 705
886 3941 896 3959 ‚
914 3926 979 3968 sq.
1397 3910 1574 3969 pag-³79.
1907 3916 1911 3921 '
