2809 4642
2189 283 2222 310 ἱ

448 324 459 334 ’
543 323 679 409 558
836 377 850 399 ,
1378 334 1774 388 ADDENDA

526 430 694 513 μέσον
726 440 789 496 in
826 434 1105 498 Antonio
1138 432 1443 516 Liberali,
1468 455 1598 516 cap.
1635 453 1736 495 12.
1763 479 1777 495 .
1807 481 1820 496 .
1849 481 1861 494 .
1913 419 2034 512 iim
2067 417 2144 494 ὄχ’
2177 430 2266 496 ἐπὶ
2297 435 2390 496 τῶν
2415 433 2573 516 εἰκῶν,

537 519 590 579 τὲ
632 514 795 600 μέσον
828 515 1615 601 nevpc‘svoc,xa4'1caavmroc.
1658 517 1848 581 Conf.
1899 517 2044 580 Bast
2063 561 2083 588 ,
2131 519 2329 605 Epist.
2375 525 2480 588 crit.
2515 527 2578 584 ad

535 604 889 666 Boissonad.
922 625 1059 687 pag.
1098 618 1235 684 133.

622 687 915 752 Ceterum
960 692 1047 750 sic
1086 676 1190 750 ε”σω
1227 687 1337 771 pro
1375 679 1520 749 ἕνῶν
1551 691 1841 772 reperitur
1874 691 1936 749 in
1977 685 2262 774 Euripid.
2309 689 2570 776 Hippolyt.

444 831 451 842 ,
538 795 624 834 vs.
648 791 710 834 2.
750 769 941 834 Conf.
980 772 1070 834 ibi
1098 770 1362 836 ·Valken.
1408 771 1618 834 Habet
1647 790 1709 836 et
1742 769 2120 856 Alciphron,
2167 773 2278 836 lib.
2311 792 2370 848 1,
2396 797 2469 858 ep.
2494 791 2569 847 lv,

539 861 673 918 init.
720 849 838 918 εἴα-ω
877 856 1075 919 πυλῶν.
1113 855 1219 918 Cf.
1255 856 1343 918 ibi
1382 877 1478 918 ex.
1513 879 1546 918 a
1575 853 1860 940 Berglero
1886 853 2114 920 adlata.
2151 858 2445 921 Himerius
2463 859 2571 940 (a):

537 930 657 1002 εἴσω
687 935 997 1022 bauaima
1046 939 1172 1004 Adi
1213 960 1272 1004 et
1312 941 1664 1006 Fischeruni
1695 941 1775 1004 ad
1805 939 2058 1005 Weller.
2106 941 2270 1029 Spec.
2309 958 2420 1019 111,
2455 959 2566 1024 part.

535 1043 689 1108 post.
706 1071 725 1102 ,
767 1047 899 1109 pag.
928 1033 1040 1106 74,
1080 1025 1240 1088 med.

622 1109 729 1173 Ad
756 1131 887 1176 not.
933 1130 951 1170 ι
974 1130 1066 1175 10.
1092 1147 1174 1161 --
1203 1110 1512 1189 Quamvis
1534 1111 1898 1176 Mannertus
1925 1107 2008 1191 (l.
2029 1133 2086 1174 c.
2104 1128 2256 1194 part.
2277 1127 2561 1193 v11‚p.351

461 1226 468 1232 ·
534 1213 593 1262 et
620 1197 777 1282 357)
811 1179 1035 1258 V⁴ossio
1063 1194 1430 1268 adsentitur,
1457 1213 1694 1260 scatent
1711 1199 1776 1256 in
1797 1194 2059 1282 Scylace
2082 1215 2436 1286 argumenta,
2458 1214 2568 1276 quae

538 1298 745 1346 vetant
787 1301 861 1343 ne
903 1279 1235 1344 Drilonem
1277 1283 1339 1356 iu
1378 1280 1607 1342 Arione
1643 1301 2064 1364 agnoscamus.
2122 1281 2208 1342 Et
2245 1284 2462 1366 primum
2493 1280 2564 1336 ait

535 1384 737 1426 noster
754 1364 883 1428 diei
908 1369 1362 1446 navigationem
1382 1385 1508 1428 esse
1529 1387 1561 1426 a
1576 1362 1638 1426 N
1649 1385 1834 1426 arone
1861 1364 1940 1428 ad
1957 1366 2018 1428 A
2030 1366 2274 1440 rionem;
2299 1367 2404 1424 atsi
2416 1381 2562 1444 usque

540 1447 620 1519 ‚a'd
648 1449 977 1526 Drilonem
995 1496 1013 1524 ,
1036 1449 1184 1512 hod.
1207 1447 1373 1512 Drin
1386 1496 1410 1524 ,
1442 1447 1901 1512 convolandum
1937 1468 2051 1524 est,
2088 1467 2168 1534 50
2203 1447 2278 1510 ad
2304 1451 2563 1509 minimum

534 1533 723 1599 leucae
760 1556 883 1596 una
908 1533 1011 1598 die
1044 1553 1402 1620 peragantur
1437 1554 1680 1596 necesse
1703 1553 1790 1596 est
1807 1579 1826 1610 ‚
1847 1533 2015 1618 quod
2039 1537 2227 1596 veteri
2255 1529 2566 1618 geographiae

534 1637 847 1704 repugnat.
884 1619 1115 1684 Verum
1164 1621 1520 1696 enimvero,
1555 1622 1668 1680 sita
1706 1639 1792 1680 est
1836 1618 1976 1680 urbs
2011 1617 2245 1697 Buthoe
2273 1616 2346 1679 ad
2375 1633 2564 1698 septen-

533 1707 799 1772 trionem
852 1703 1168 1779 Drilonis;
1220 1707 1305 1766 ait
1353 1721 1561 1770 autem
1613 1700 1837 1786 Scylax
1889 1705 1967 1766 ab
2012 1704 2240 1768 Arione
2287 1707 2386 1764 iter
2424 1701 2563 1761 etiam

538 1788 667 1852 fieri
714 1787 737 1866 (
778 1811 813 1848 a
858 1792 1269 1875 septentrione
1315 1787 1395 1851 ad
1447 1785 1762 1850 meridiem
1802 1789 1826 1872 )
1874 1807 2192 1875 antequam
2237 1784 2566 1874 ad‚Buthoen

531 1875 939 1958 perveniatur,
976 1869 1123 1948 'Am‘
1161 1870 1227 1950 pli*
1270 1869 1327 1936 ’ἦ
1373 1871 1621 1943 Ἀρίωνος
1651 1873 1884 1947 ποταμοῦ
1911 1871 1985 1941 εἰς
2008 1867 2264 1946 Βουθὸην,
2299 1868 2461 1937 πλοῦς.
2482 1914 2492 1926 .
2513 1912 2556 1927 ..

518 1957 677 2020 fimo
726 1957 939 2026 scribit
976 1978 1209 2032 noster,
1258 1959 1373 2023 diei
1406 1975 1468 2020 et
1499 1959 1696 2020 noctis
1733 1961 1852 2019 iter
1885 1979 2011 2020 esse
2042 1977 2076 2020 a
2109 1955 2314 2018 Butua
2349 1952 2413 2016 ad
2451 1951 2565 2034 Epi-

536 2041 833 2112 damnum
855 2067 873 2104 :
895 2045 1066 2127 atqui
1100 2043 1305 2111 vicina
1340 2061 1431 2104 est
1462 2042 1712 2112 Drilom'
1749 2039 2152 2125 Epidamnus.
2182 2041 2340 2122 Ergo
2373 2041 2566 2100 minime

535 2145 739 2212 potest
780 2133 963 2192 unius
1001 2146 1239 2192 tantum
1286 2125 1408 2192 diei
1455 2129 1571 2196 iter
1612 2147 1737 2189 esse
1773 2147 1810 2188 a
1852 2127 2110 2190 Narone
2145 2125 2222 2187 ad
2272 2126 2564 2192 Drilonem‚

484 2241 487 2248 ·
538 2209 687 2282 dum
725 2213 857 2283 'dies
902 2229 1575 2290 etnozcconsumun'tur
1598 2233 1636 2274 a
1671 2211 1914 2288 Buthoe
1947 2209 2144 2273 multo
2173 2213 2396 2294 propius
2427 2208 2564 2270 meri·

535 2294 701 2362 dicrn.
725 2317 927 2360 versus
962 2301 1105 2374 sita,
1144 2294 1224 2358 ad
1254 2295 1665 2382 Epidamnum
1691 2295 1945 2374 Driloni
1995 2298 2331 2362 ‘roximan1.

623 2380 791 2450 Illud
822 2400 1064 2456 tamen,
1104 2379 1325 2457 fateor,
1366 2401 1464 2444 me
1489 2377 1783 2454 offendit,
1818 2315 2008 2465 quoti³
2027 2379 2254 2462 Scylax
2274 2375 2568 2445 Drilonem,

540 2487 825 2546 magnum
850 2466 1135 2544 fluvium,
1161 2468 1626 2548 praetermiserit,
1647 2464 1798 2528 dum
1823 2483 2054 2528 ceteros
2079 2466 2192 2541 ibi,
2215 2463 2304 2526 vel
2329 2464 2572 2526 minores,

535 2550 895 2612 laudaverit.
920 2548 1058 2614 Imo
1088 2549 1323 2614 nullum
1349 2550 1434 2621 flu
1448 2555 1610 2613 vium
1636 2549 2002 2615 Ptolemaeus
2027 2549 2280 2612 collocat
2299 2543 2574 2605 Naronem

538 2638 697 2696 inter
732 2652 793 2705 et
832 2631 1185 2704 Drilonem.
1218 2631 1343 2696 Sed
1384 2634 1618 2720 aliquid
1661 2633 1868 2697 deesse
1909 2651 2109 2718 potest
2152 2637 2210 2695 in
2251 2627 2572 2696 Ptolemaeo,

536 2718 705 2801 quod
749 2721 827 2780 sit
872 2717 1034 2806 apud
1098 2716 1464 2801 Scylacem;'
1503 2737 1607 2796 et,
1652 2719 1823 2802 quod
1872 2717 2310 2782 ad'Drilonem
2354 2707 2576 2792 Scylaci

486 2813 490 2818 “
528 2805 1000 2885 praetermissum
1038 2801 1303 2880 adtinet,
1348 2810 1652 2884 conjicere
1688 2803 1864 2879 iicet,
1904 2827 2094 2889 qunm
2144 2801 2202 2864 id
2239 2799 2578 2892 praecipuunt

535 2887 651 2947 sibi
696 2889 1105 2974 proposuisset
1144 2908 1378 2960 noster,
1419 2908 1487 2952 ut
1563 2891 2140 2972 raeternavigationis
2173 2885 2439 2948 stationes
2475 2897 2578 2937 ust-

534 2989 693 3033 tatas
730 2971 1103 3058 designaret,
1142 2978 1284 3038 satis
1317 2975 1490 3036 illum
1573 2973 1838 3050 abuisse,
1877 2978 1926 3035 si
1968 2992 2190 3036 rectum
2228 2961 2582 3028 intervallum

492 3114 499 3120 .
537 3059 929 3141 exprimeret,
959 3081 1083 3142 quo
1113 3081 1293 3122 naves
1323 3059 1402 3121 ab
1429 3058 1577 3121 urbe
1613 3058 1858 3122 Buthoe
1884 3057 1959 3120 ad
1989 3055 2388 3142 Epidamnum
2413 3065 2586 3133 perge-

537 3141 705 3215 bant.
732 3143 801 3204 ln
836 3147 1057 3206 intimo
1089 3148 1221 3205 sinu
1258 3139 1359 3209 hic'
1380 3143 1608 3210 latebat
1637 3143 1844 3222 Drilo,
1880 3162 1940 3205 et
1961 3141 2222 3208 Drilone
2251 3136 2354 3199 illo
2372 3136 2589 3208 relicto²

524 3241 719 3309 ‘naves
780 3227 1199 3326 Epidamnum
1248 3251 1353 3314 per
1400 3227 1592 3294 altum
1641 3251 1806 3292 mare
1865 3227 2170 3314 petebant.
2219 3221 2384 3286 Inde.
2421 3217 2588 3280 forsan

379 3342 385 3358 ·
452 3319 464 3330 '
540 3335 721 3390 causa
746 3337 871 3378 cur
894 3313 1049 3377 desit
1074 3310 1173 3378 hic
1200 3311 1424 3378 fluvius
1439 3361 1457 3390 ‚
1487 3316 1603 3376 nisi
1627 3311 1911 3377 lacunam
1941 3314 2185 3376 subesse
2213 3310 2567 3392 suspicemur.

622 3399 729 3462 Ad
756 3419 883 3461 nor.
922 3419 941 3463 ι
966 3419 1055 3465 12.
1088 3435 1172 3446 -—
1196 3397 1428 3462 Cadmi
1453 3401 1750 3484 originem
1773 3397 2156 3484 phoeniciam
2181 3414 2380 3458 omnes
2413 3405 2594 3474 perno·
2707 3427 2709 3519 κ

498 3525 511 3563 3
542 3501 804 3559 verunt3
853 3488 980 3548 imo
1024 3507 1236 3545 omnes
1275 3479 1619 3547 veterrimas
1661 3484 1933 3547 colonias
1971 3505 2004 3545 a
2047 3476 2472 3549 Phoenicibus,
2505 3491 2595 3532 fles·

542 3589 689 3629 vero
730 3569 1041 3654 AEgyptiis
1086 3567 1348 3630 ducibus
1390 3563 1689 3632 adductas
1747 3565 2016 3632 ostendit
2071 3567 2322 3630 doctiss.
2378 3554 2596 3625 Raoui-

542 3651 823 3725 Roclzette
851 3654 974 3736 (b).
1010 3649 1133 3716 Sed
1171 3674 1369 3736 neque
1393 3653 1639 3717 doctiss.
1669 3653 1994 3716 Claverius
2021 3653 2120 3736 (c)
2137 3699 2156 3728 ,
2186 3669 2382 3736 neque
2407 3639 2597 3709 Raoui-

590 3818 657 3870 (α)
685 3818 943 3872 Ecbatxvr,
970 3826 1008 3867 ς.
1034 3833 1055 3872 3
1072 3847 1085 3868 ,
1116 3831 1207 3874 pag.
1229 3831 1311 3872 ²5²
1327 3845 1339 3866 ,
1368 3821 1544 3860 inined.
1679 3818 1736 3872 (c)
1767 3819 1814 3858 ln
1853 3818 2034 3860 Histoire
2055 3817 2124 3857 des
2149 3821 2346 3873 premiers
2379 3827 2484 3874 temps
2507 3810 2545 3848 ‘f‘
2571 3809 2600 3862 ‘f‘

540 3872 729 3933 wernsd.
747 3886 789 3916 et
807 3887 912 3928 pass.
930 3874 1004 3918 Cf.
1022 3877 1081 3916 ibi
1098 3875 1230 3915 Indic.
1252 3874 1412 3915 verbor.
1623 3875 1766 3922 Crete,
1801 3887 1904 3919 tom.
1927 3877 1939 3915 Ι
1962 3905 1971 3922 ,
2003 3888 2096 3928 pag.
2129 3876 2232 3934 138τ
2364 3889 2372 3897 ’

594 3929 658 3982 (b)
688 3932 736 3972 ln
759 3931 873 3972 Hise.
893 3929 958 3971 des
978 3933 1061 3974 Col.
1086 3931 1163 3971 lib.
1186 3943 1224 3976 ι,
1246 3943 1336 3985 cap.
1358 3947 1399 3996 ς..
