2809 4642
528 373 614 442 ,ᾖ
740 359 748 368 ’
964 399 975 407 ,
1043 360 1469 416 DODWELLI
1526 359 2041 413 msstzn'rA'rlo

517 473 737 542 ullum
777 485 879 540 est
908 467 1158 563 linguae
1197 465 1471 534 Punioee
1508 464 1873 560 vestigium
1912 465 1984 530 in
2024 463 2297 560 collega
2328 462 2613 534 Himil-

519 575 714 645 conis
773 569 1146 640 Hannone.
1193 568 1481 636 Utinam
1530 563 1983 635 exstaret‘ille
2032 565 2314 662 cognati
2365 589 2604 664 argu-

522 676 736 755 menti
783 672 1138 766 periplus!
1194 671 1306 738 vix
1361 687 1464 738 est
1512 693 1635 737 cur
1686 669 2075 738 dubitemus
2122 669 2299 760 quin
2356 670 2609 738 lucem

525 777 866 846 Hannoni
905 773 1252 854 foenerari,
1291 791 1364 842 et
1389 772 1687 842 vicissim
1722 771 1859 840 ab
1840 795 1993 864 ipso
2026 793 2308 868 capere,
2341 789 2618 863 potue-

523 881 631 948 rit.
676 877 888 946 Nunc
927 877 1166 946 saltem
1200 875 1372 944 illud
1407 899 1492 944 ex
1532 875 1663 942 hoc
1694 871 1899 941 Plinii
1944 874 2100 942 loco
2142 873 2612 970 colligimus:

525 971 703 1050 inter
743 981 957 1050 varios
1002 977 1300 1071 praedicti
1346 977 1542 1068 spatii
1585 975 1973 1044 Hannones
2009 1024 2029 1058 ,
2097 997 2259 1044 eum
2304 978 2615 1046 demum

529 1107 676 1152 esse
715 1083 1211 1174 quaerenffdum
1268 1080 1390 1170 qui
1427 1079 1693 1147 socium
1738 1077 2082 1161 habuerit,
2134 1097 2203 1147 et
2234 1101 2507 1172 parem
2494 1081 2619 1149 in

524 1185 908 1278 reipublicae
938 1178 1220 1264 officiiS,
1253 1181 1743 1250 Himilconem.
1780 1180 1865 1249 Et
1896 1182 2179 1273 quidem
2220 1180 2381 1250 tales
2420 1181 2621 1278 legi·

530 1311 729 1372 mus,
776 1288 852 1354 in
896 1284 1292 1382 Agathoclis
1334 1284 1566 1364 beno,
1622 1281 2289 1378 Carthaginiensium
2336 1284 2569 1353 duces
2596 1335 2641 1364 ,,

532 1407 666 1459 tam
722 1388 1143 1457 Hannonem
1188 1411 1400 1478 quam
1452 1385 1942 1454 Himilconem.
1990 1384 2092 1454 Ita
2130 1407 2411 1478 quoque
2462 1387 2625 1456 sibi

530 1492 822 1562 invicem
856 1515 1088 1584 pareS,
1127 1507 1244 1570 ut,
1296 1511 1489 1565 cum,
1536 1487 1986 1556 distrahendis
2033 1486 2421 1584 Agathoclis
2468 1509 2624 1557 co-

531 1595 696 1686 piis,
735 1595 956 1664 varios
998 1615 1082 1660 ex
1115 1589 1294 1676 urbe
1323 1590 1660 1658 exercitus
1694 1587 2303 1684 Carthaginienses
2335 1590 2622 1660 emitte-

533 1715 686 1764 rent
713 1744 730 1773 ,
793 1695 1075 1764 seorsim
1139 1691 1536 1782 imperarint
1574 1741 1593 1772 ,
1664 1689 1854 1759 alteri
1902 1692 2227 1761 exercitui
2284 1691 2562 1760 Hanno
2594 1744 2618 1776 ,

534 1798 721 1864 alteri
771 1795 1096 1871 Himilco.
1140 1789 1240 1860 Ita
1283 1791 1637 1862 Diodorus
1695 1793 1947 1884 olymp.
1990 1809 2291 1874 CXVIII,
2338 1815 2405 1861 2.
2444 1794 2525 1860 N
2528 1819 2623 1864 ec

538 1897 830 1994 absurde
880 1918 1088 1976 sane,
1152 1893 1362 1986 paulo
1405 1911 1560 1962 ante
1601 1896 2103 1987 expeditionem
2156 1894 2617 1992 AgathocliS,

538 2022 644 2066 res
691 1996 1363 2092 Carthaginiensium
1410 2015 1780 2066 statuemus
1822 1995 2381 2079 florentissimam,
2438 2021 2620 2068 cum

541 2122 690 2168 eam
724 2101 967 2170 virium
1012 2121 1286 2166 suarum
1336 2097 1653 2168 fiduciam
1703 2101 2079 2178 haberent,
2124 2119 2205 2169 ut
2244 2098 2619 2192 Syracusas

543 2202 722 2296 ipsas
760 2203 1094 2270 auderent
1127 2218 1299 2269 terra
1328 2202 1635 2294 marique
1670 2201 2005 2272 obsidere.
2034 2149 2390 2272 Afflixerat
2422 2203 2628 2289 inas,

544 2303 943 2398 olympiadis
993 2307 1126 2374 ΟΧ*
1159 2325 1343 2371 anno
1403 2307 1495 2387 1⁰,
1532 2303 1763 2384 bello;
1810 2321 1880 2372 et
1921 2307 2020 2386 2⁰,
2055 2306 2241 2399 pacis
2264 2306 2630 2376 conditio-

543 2407 784 2486 nibus,
835 2405 1231 2474 Timoleon.
1275 2399 1537 2475 Affiixit
1576 2408 1727 2498 ipse
1773 2406 2097 2500 deinceps
2146 2406 2579 2504 Agathocles
2603 2461 2623 2494 ,

547 2526 616 2578 et
633 2559 653 2592 ,
677 2524 837 2600 post
851 2507 1041 2575 illum
1063 2558 1082 2589 ,
1108 2505 1432 2598 Pyrrhus,
1461 2526 1660 2577 antea
1691 2531 1899 2599 quam
1946 2513 2063 2576 1¹¹¹n
2086 2533 2246 2578 cum
2274 2509 2625 2582 Romanis

547 2609 805 2678 bellum
855 2610 1128 2678 inirent.
1166 2610 1408 2678 Medio
1448 2635 1619 2706 ergo
1665 2628 2013 2702 tempore,
2068 2615 2189 2682 sed
2222 2613 2415 2704 quod
2453 2637 2633 2704 pro·—

548 2712 704 2803 pius
744 2713 830 2779 ad
865 2709 1263 2808 Agathoclis
1303 2730 1569 2805 tempus
1604 2713 1961 2782 accesserit
1991 2763 2009 2795 ,
2062 2739 2198 2807 pax
2240 2715 2353 2784 illa
2382 2719 2631 2806 potuit

551 2835 700 2881 esse
727 2811 1210 2882 florentissima
1227 2862 1246 2893 ,
1285 2836 1427 2902 qua
1446 2838 1681 2884 vacare
1711 2815 2063 2907 potuerint
2090 2815 2635 2914 Carthaginien-

553 2937 660 2983 ses
703 2917 989 2986 coloniis
1027 2914 1442 2982 emittendis,

624 3115 669 3170 ς.
705 3103 836 3172 ΧΧ.
871 3101 1070 3181 Peripli
1095 3104 1260 3177 hujus
1275 3106 1527 3160 meminit
1554 3105 1861 3183 Xenophon
1882 3105 2299 3185 Lampsacenus;
2322 3107 2411 3164 sed
2434 3111 2554 3184 ejus

1428 3204 1547 3244 aetas
1566 3191 1787 3245 incerta.

657 3357 1060 3436 Videndum
1089 3359 1224 3446 iam
1259 3380 1423 3426 num
1451 3382 1611 3428 cum
1649 3359 1774 3428 hac
1815 3358 2187 3430 Hannonis
2224 3378 2413 3432 aetate
2445 3371 2639 3434 con-

458 3539 464 3548 ,
561 3459 788 3530 veniat
843 3455 1102 3528 mentio
1173 3461 1374 3550 hujus
1440 3461 1688 3554 peripli
1745 3460 2230 3552 antiquissima.
2304 3462 2645 3537 Meminit

560 3563 838 3664 quidem
877 3561 1246 3630 Hannonis
1289 3585 1609 3655 expresse
1642 3562 2044 3656 Xenophon
2076 3561 2601 3659 Lampsacenus
2620 3619 2645 3651 ,

557 3682 650 3746 -ut
697 3687 824 3732 nos
880 3665 1094 3736 docet
1135 3661 1479 3737 Solinus&
1534 3662 1669 3782 Sed
1718 3675 1981 3758 quanto
2034 3666 2237 3745 fite-rit
2285 3667 2514 3740 Plinio
2572 3691 2651 3742 et

645 3861 661 3883 ¹
685 3849 851 3909 Solin.
874 3869 920 3906 c.
946 3853 1034 3926 56.
