2809 4642
869 269 1252 373 Eniroms
1321 310 1783 372 PRAEfATlo.
2308 296 2386 373 ix

339 462 352 471 ‘
383 432 794 519 Codicem
817 498 838 529 ,
853 422 1132 545 ex'quo
1143 430 1571 513 Hannonis
1583 428 1986 543 Periplum
2000 428 2391 541 Gelenius

275 556 462 645 olim
485 556 862 644 ediderat
879 618 900 656 ,
923 556 1234 639 Bastius
1251 618 1272 651 ,
1305 558 1431 636 vir
1448 560 1533 637 in
1568 552 2151 667 palaeographia
2172 559 2393 666 prin-

226 674 503 790 ‘cep5,
571 680 1026 792 diligenter·
1050 682 1517 791 recognovit
1564 671 1703 786 (1).
1758 676 2152 759 Codicem
2184 672 2391 761 'vero

284 800 652 915 Scylacis‚
679 833 903 885 nunc
925 804 1196 885 Romae
1215 822 1705 915 reportatum
1722 860 1744 892 ‚
1782 798 1997 883 unde
2010 799 2397 885 Hoesche-

279 926 536 1013 lianus
581 926 798 1008 idern
851 956 942 1008 ac
985 926 1561 1009 Hudsonianus
1608 946 1867 1009 textus
1918 945 2199 1017 manat·
2238 926 2393 1038 (2),

283 1069 370 1131 ut
394 1050 910 1146 conferretur,
951 1036 1100 1161 'per
1119 1050 1384 1131 literas
1414 1048 1755 1134 Romam
1791 1050 2117 1161 scriptas
2151 1052 2403 1163 semel

285 1196 396 1251 ac·
440 1178 721 1285 saepius
773 1176 1152 1284 petieram
1196 1203 1217 1264 ;
1285 1174 1425 1255 sed
1486 1176 1739 1253 nimia
1800 1165 2010 1253 facta
2063 1200 2399 1289 respon-

285 1295 532 1379 dendi
577 1324 842 1392 mora,
889 1316 971 1378 et
1007 1296 1232 1407 prelo
1266 1296 1644 1388 sudante,
1697 1298 1781 1375 in
1824 1296 1967 1376 has
1998 1290 2401 1407 angustias'

285 1418 655 1502 redactus
675 1448 848 1499 sum
877 1478 898 1514 ‚
937 1438 1028 1500 ut
1045 1418 1374 1529 vulgato
1394 1437 1707 1503 tantum
1733 1436 1952 1501 textu
1988 1423 2401 1533 copiisque

291 1543 464 1648 jam
499 1541 722 1623 editis
741 1562 1028 1623 uterer.
1055 1540 1170 1622 At
1195 1605 1216 1636 ,
1260 1560 1579 1651 sperato
1612 1539 1909 1621 auxilio
1942 1538 2398 1636 destitutuS,

281 1692 462 1747 -uon
495 1663 679 1746 ideo
716 1667 1010 1775 justam
1044 1663 1376 1773 hujusce
1403 1662 1601 1745 iibri·
1622 1661 1912 1746 edendi
1946 1660 2401 1755 facultatem

285 1789 646 1873 amisisse
690 1788 1028 1872 arbitror
1073 1819 1093 1866 ε
1150 1814 1639 1899 quamquam
1684 1786 2005 1869 laudata
2046 1792 2407 1900 recogniss

284 1912 512 1991 tione
544 1906 700 1993 frui
743 1911 1088 1997 libenter
1129 1911 1568 1992 admodum
1623 1910 2081 1995 voluissem.

411 2031 690 2117 Habet
745 2034 1064 2116 libellus
1141 2036 1481 2146 quisque
1542 2062 1721 2115 suas
1806 2034 2407 2144 explanationes
2490 2143 2494 2150 Ι

283 2156 1048 2269 dissertationesque
1091 2159 1611 2253 necessariam
1670 2157 1815 2238 sub
1862 2153 2111 2239 finem
2168 2157 2408 2266 hujus

280 2280 734 2363 voluminis
766 2284 1133 2391 copiosos
1165 2281 1473 2365 indices
1502 2280 1846 2360 adnexui
1875 2306 1895 2356 ε
1932 2279 2139 2361 nihil
2170 2284 2411 2397 igitur

287 2402 700 2513 peculiare
715 2423 880 2497 est,
915 2404 1015 2484 de
1038 2434 1242 2515 qu0‚
1281 2404 1531 2485 lector
1564 2402 1989 2497 benevole,
2034 2424 2112 2485 te
2150 2406 2411 2485 moni-

287 2547 474 2607 tum
528 2526 770 2607 velim
805 2586 826 2619 ,
896 2531 1049 2607 nisi
1113 2526 1330 2639 quod
1399 2555 1602 2637 saepe
1666 2554 1853 2613 nova
1914 2524 2263 2607 addenda
2322 2529 2408 2609 in

286 2646 710 2761 Scylacem
747 2650 1117 2735 adeunda
1145 2653 1307 2731 sint
1332 2710 1351 2741 ,
1398 2678 1573 2761 quae
1604 2650 1812 2731 inter
1854 2649 2052 2760 preli
2100 2678 2408 2731 moram

285 2774 573 2871 crebra
609 2771 956 2883 adjicere
999 2775 1360 2883 contigit.

419 2895 662 2977 Viros
705 2897 1026 2991 doctos,
1075 2916 1163 2977 ut
1203 2894 1328 2977 his
1373 2897 1571 2979 meis
1612 2895 1893 2982 studiis
1930 2913 2013 2977 et
2054 2898 2413 2977 conami-

257 3020 582 3114 nibus,
651 3049 830 3131 quae
880 3048 1118 3131 quam
1173 3022 1332 3100 sint
1385 3020 1657 3099 tenuia
1703 3021 1873 3129 ipse
1926 3020 2289 3132 intelligo
2332 3041 2416 3103 et

287 3138 695 3225 confiteor
741 3204 761 3236 ,
839 3143 1184 3255 benigne
1248 3137 1513 3223 favere
1569 3142 1923 3256 bonique
1998 3142 2413 3225 consulere

285 3266 589 3361 velint,
651 3266 997 3352 candido
1035 3287 1115 3347 et
1157 3269 1510 3376 ingenuo
1556 3267 1828 3347 animo
1881 3294 2076 3383 rogo
2124 3286 2206 3349 et
2262 3266 2415 3347 ob-

281 3412 578 3484 testor,
622 3419 942 3471 necnon
989 3419 1083 3471 ea
1123 3390 1328 3471 bene
1372 3387 1627 3469 multa
1666 3390 1748 3468 in
1792 3390 2083 3501 quibu‘s
2135 3419 2182 3469 a
2222 3418 2413 3471 vero

283 3514 868 3606 aberraverim‚
925 3511 1422 3605 condonare3
1490 3530 1733 3624 atque
1790 3511 2284 3593 considerare
2328 3515 2415 3593 in

277 3636 770 3750 hujusmodi
805 3634 1075 3718 labore
1107 3636 1207 3716 ad
1243 3664 1499 3720 meras
1528 3635 2023 3744 conjecturas
2058 3664 2257 3745 saepe
2292 3663 2415 3715 re-

359 3813 458 3893 (1)
513 3807 634 3871 Cf.
677 3828 830 3869 mox
863 3807 993 3867 n'ot.
1038 3824 1116 3887 37
1156 3804 1236 3868 ad
1277 3805 1493 3868 Hann.
1538 3827 1675 3890 pag.
1724 3824 1860 3890 139.

354 3900 452 3982 (2)
507 3891 630 3959 cf.
661 3896 850 3957 notit.
881 3889 1057 3955 editt.
1084 3889 1274 3966 infra,
1299 3912 1357 3975 p.
1381 3906 1529 3969 227.
