2809 4642
959 370 964 379 ·
989 350 1098 401 IN·
1130 348 1621 404 HANNONEM.
2239 340 2333 433 49

232 477 423 523 seus,
451 452 682 521 Nunc
707 453 910 522 enim
941 452 1126 521 illum
1150 447 1689 544 ,ἇπὲἷνέτηυρρνην
1716 448 1881 539 τινὰ,
1912 452 2017 525 aih*
2047 462 2179 527 νέων
2194 490 2333 546 συγ-

243 560 486 650 γραφέα.
511 555 834 649 appellat
856 557 872 585 ¹
907 606 928 637 ,
979 579 1170 623 nunc
1213 557 1414 625 etiam
1468 549 1609 625 πίω
1660 554 1907 652 ἀρχαῖον
1926 558 1986 625 ².
2034 559 2361 649 Proinde‘

261 660 474 730 multo
519 658 992 748 antiquiorem
1032 658 1152 733 illo
1179 660 1549 731 ‚neminem
1598 676 1881 730 noverat
1924 660 2331 755 Dionysius,

261 764 358 831 vir
381 778 618 830 tamen
642 776 967 832 veterum
991 780 1597 831 monumentorum
1620 763 2063 854 peritissimus
2079 812 2099 846 ,
2128 784 2353 859 atque*

261 865 332 932 in
353 865 600 933 iisdem
631 863 1158 935 versatissimus.
1187 862 1300 931 Ad
1323 864 1510 935 Darii
1528 856 1755 933 autem
1780 865 1995 951 Nothi
2022 884 2337 961 tempora

267 967 610 1051 historiam
659 966 888 1037 abeo
928 968 1292 1035 deductam
1324 991 1475 1035 esse
1513 983 1750 1036 auctor
1792 968 2147 1040 Diodorus
2192 991 2333 1052 est3

274 1092 523 1162 nempe
567 1070 657 1136 ad
691 1090 960 1143 annum
986 1118 1005 1151 ,
1049 1086 1125 1136 ut
1173 1067 1321 1139 vult
1353 1069 1469 1137 ille
1495 1121 1514 1153 ,
1570 1070 1823 1164 olymp.
1875 1076 2145 1143 LXXX?
2194 1078 2334 1145 1⁹⁶².

277 1170 771 1261 Convenitque
803 1170 962 1238 satis
981 1174 1366 1239 -commode
1395 1173 1535 1240 haec
1561 1172 1743 1241 illius
1773 1190 1923 1243 aetas
1952 1198 2110 1241 cum
2148 1192 2338 1246 aetate

276 1274 480 1365 patris
514 1272 966 1363 Xenophanis
999 1270 1471 1365 Colophonii,
1508 1275 1785 1363 qualem
1816 1273 1998 1343 illam
2040 1278 2197 1346 alibi
2228 1282 2341 1347 de·

276 1376 705 1467 scripsimus..
721 1374 1004 1442 Medius
1033 1374 1220 1443 enim
1260 1391 1398 1442 erat
1424 1375 1601 1442 inter
1618 1374 2071 1471 Pythagoram
2087 1376 2341 1449 filium-

275 1502 418 1570 que
461 1474 877 1546 Antiochum
918 1476 1390 1569 Xenophanes
1433 1476 1548 1545 ille
1576 1526 1595 1559 ,
1646 1493 1715 1545 et
1754 1478 1903 1545 seni
1946 1478 2343 1575 Pythagorae

279 1579 560 1668 juvenis
593 1578 736 1670 ipse.
765 1602 1032 1647 coaevus
1056 1629 1076 1661 ,
1123 1596 1190 1647 et
1221 1578 1651 1674 longaevitate
1680 1577 1991 1648 celebris,
2022 1580 2346 1674 Discipu-

280 1682 395 1749 lus
453 1698 670 1749 autem
724 1681 1122 1776 Pythagorae
1158 1680 1691 1771 Lysisjuniores
1742 1681 1948 1749 etiam
1993 1682 2345 1753 Antiocho

276 1782 654 1877 discipulos
733 1783 974 1853 habuit
1055 1782 1316 1852 Thebis
1402 1782 1795 1876 Philippum
1879 1785 2345 1855 Macedonem

279 1876 657 1955 Alexandri
685 1887 793 1955 M.
823 1903 1120 1977 patrem,
1147 1903 1214 1954 et
1246 1882 1647 1977 Pelopidam
1674 1902 1743 1955 et
1768 1884 2343 1978 Epaminondam.
2368 1968 2375 1977 ,

285 1989 507 2073 Quod
541 1988 600 2058 si
626 1989 803 2057 inter
829 1985 1094 2057 Siculos
1117 1988 1470 2057 historicos
1490 2036 1507 2067 ,
1542 1989 1667 2079 qui
1695 1989 1895 2057 etiam
1930 1989 2089 2059 olim
2123 2010 2347 2060 exsta·-

283 2092 506 2174 bant,
533 2086 678 2159 mim
725 2087 978 2189 ἀρχαῖος
1012 2088 1336 2159 habeatur
1379 2089 1761 2159 Antiochus
1782 2139 1801 2170 ,
1844 2114 1989 2159 non
2031 2109 2345 2183 poterant

284 2211 465 2264 certe
507 2194 630 2262 ussi
661 2216 976 2284 unquam
1019 2194 1237 2266 multo
1260 2191 1475 2268 ,fuisse
1514 2194 1953 2289 antiquiores.
1995 2193 2347 2290 Congruit
2400 2206 2405 2217 '

283 2297 696 2371 examussim
751 2298 888 2365 haec
931 2288 1175 2372 Siculae
1204 2296 1496 2363 historiae
1530 2298 1793 2386 epocha
1817 2318 1977 2363 cum
2021 2313 2211 2364 aetate
2239 2300 2347 2365 hi·
2432 2313 2439 2323 ’

289 2401 502 2468 storiae
537 2396 790 2467 Graecae
821 2396 1113 2487 reliquae.
1156 2397 1222 2465 A
1253 2394 1507 2465 Graecis
1550 2399 1734 2465 enim
1771 2400 1855 2466 ad
1888 2394 2150 2467 Siculos
2184 2422 2345 2468 cum

293 2501 580 2569 coloniis
623 2524 852 2569 mores
897 2501 1100 2567 etiam
1147 2497 1365 2575 Graeci
1421 2516 1865 2577 emanarunt;
1921 2522 2051 2567 nec
2098 2502 2348 2572 multos

294 2602 626 2672 habebant
670 2602 1026 2671 historicos
1078 2599 1298 2670 Graeci
1347 2602 1479 2693 ipsi
1516 2604 1637 2691 qui
1689 2600 2108 2683 Antiochum
2158 2620 2349 2674 aetate

298 2706 772 2797 praecesserint.
809 2703 892 2771 Et
941 2728 1030 2771 ne
1073 2706 1352 2795 quidem
1406 2702 1651 2771 habere
1691 2704 1993 2797 potuisse
2032 2704 2142 2773 vel
2186 2707 2347 2775 inde

301 2807 725 2880 manifestum
755 2823 894 2886 est,
925 2808 1120 2896 quod
1149 2828 1294 2873 non
1327 2806 1543 2873 multo
1576 2806 1962 2901 antiquiora
1992 2806 2348 2877 habuerint

307 2911 648 3000 exploratae
683 2908 879 2987 fidei,
919 2926 986 2975 et
1021 2908 1146 2977 sibi
1193 2932 1475 2999 quoque
1510 2909 1805 2977 invicem
1842 2929 2342 2993 consentanea,

307 3030 768 3089 monumenta.
801 3010 916 3077 De
949 3009 1134 3099 Cyro
1164 3027 1344 3077 certe
1369 3012 1503 3097 jam
1535 3010 1689 3077 alibi
1714 3008 1738 3056 3
1775 3010 2063 3081 vidimus
2090 3063 2111 3093 ,
2136 3036 2349 3102 quam

299 3116 661 3211 pugnarint
707 3137 949 3181 eorum
997 3102 1425 3191 traditiones}
1476 3114 1671 3202 quasi
1706 3112 1907 3195 nullis
1947 3110 2353 3183 fulcirentur.

295 3220 697 3311 scriptorum
741 3214 1052 3283 archivis.
1099 3214 1342 3293 Medio
1377 3236 1543 3309 ergo
1580 3216 1767 3289 inter¹
1784 3206 2047 3303 Cyrum
2088 3233 2159 3284 et
2200 3216 2349 3287 Da-

294 3322 458 3399 rium
495 3317 1212 3397 Nothumintervallo
1251 3317 1452 3407 primi
1480 3317 1812 3407 coeperint
1840 3313 2222 3388 Siculorum
2257 3321 2353 3389 hi·-

292 3426 527 3493 storici.
582 3417 1312 3511 Necpoterantadeo¹
1341 3419 1559 3485 multo
1588 3442 1737 3485 esse
1783 3419 2197 3509 antiquiores
2247 3445 2351 3491 res

253 3523 974 3623 'Carthaginiensium
1037 3518 1551 3587 florentissimae.
1599 3520 1748 3603 Qui
1797 3521 1980 3587 enim
2029 3544 2133 3588 res
2182 3520 2358 3589 Car·-

278 3629 834 3729 thaginiensium
853 3672 872 3703 ,
899 3623 1140 3717 lingua
1169 3620 1849 3717 Carthaginiensium
1880 3624 2083 3712 patria
2098 3621 2360 3690 Punica

349 3784 611 3858 'Dionys
636 3746 824 3833 Halic.
843 3774 880 3827 1.
903 3787 956 3839 1,
980 3792 1031 3847 p.
1053 3793 1118 3847 59
1143 3774 1159 3845 (
1183 3772 1277 3829 lin.
1309 3793 1332 3847 3
1345 3793 1396 3847 5,
1428 3772 1511 3831 ed.
1531 3766 1793 3835 Francof„
1817 3790 1869 3845 p.
1898 3768 2019 3846 185,
2052 3770 2135 3827 ed.
2154 3770 2364 3847 Reisk.)

263 3890 339 3905 ....
378 3868 402 3895 a
429 3859 560 3917 bed,
584 3878 649 3934 p,
687 3874 778 3909 to·
823 3880 901 3893 --
941 3844 1117 3904 ³Prael.
1141 3848 1316 3922 Inazeg.
1378 3898 1394 3914 ,

2020 3958 2077 4007 D
