2809 4642
542 388 857 441 memorat.
892 374 986 438 Ex
1020 372 1236 435 eodem
1266 372 1563 438 Strabone
1589 378 1693 458 (a)
1733 376 2020 439 discimus
2049 372 2390 435 Corinthios
2423 396 2570 459 quos-

542 456 685 519 dam
726 480 763 519 a
795 457 1065 539 Cypselo
1096 462 1335 535 missos,
1372 459 1529 522 hanc
1575 460 1954 543 peninsulam
1993 460 2340 533 incoluisse,
2376 476 2430 519 et
2463 480 2568 541 per-

542 542 703 603 fosso
765 542 985 603 isthmo
1038 543 1296 607 insulam
1343 542 1572 609 fecisse.
1627 544 1838 621 Quam
1891 548 2312 626 migrationem
2365 559 2572 605 testatur

544 625 903 695 Herodotus
928 625 1047 706 (b)
1086 627 1177 689 his
1200 628 1436 691 verbis:
1463 624 1756 692 Αευκαῖὢσι
1763 676 1861 690 .....
1883 620 2038 696 ἔθνος
2057 624 2226 694 ε’ὅνπς
2253 624 2458 707 Δωρικδν
2486 621 2572 687 dom*
2625 696 2630 701 ,
2741 564 2746 777 J

546 705 803 785 κοιίνθκς
842 709 1013 793 quod
1029 728 1191 794 ‘opus
1227 710 1676 775 Leucadiorum
1703 734 1870 775 anno
1903 712 2026 775 fere
2071 713 2225 794 6500
2262 732 2396 773 ante
2422 710 2574 771 Chri·

542 812 707 859 stum
753 812 1064 877 peractum
1100 795 1217 859 fuit
1245 844 1265 872 ,
1306 797 1558 879 Cypseli
1601 815 1804 872 aetate3
1848 798 1935 859 nil
1973 818 2116 879 ergo
2162 798 2402 869 mirum,
2437 790 2573 877 quod

550 879 779 960 Scylax
830 878 1121 945 Leucada
1168 878 1678 962 ἐππταὶρρευμένην
1727 883 1948 944 dixerit
1977 926 1994 955 ,
2037 885 2262 965 quippe
2305 884 2402 963 qui
2447 898 2578 939 anno

550 967 792 1030 circiter
822 976 970 1045 590⁰
994 983 1135 1027 ante
1158 966 1474 1027 Christum
1502 970 1600 1027 vix
1611 970 1738 1036 erit,-
1762 966 1866 1029 Ad
1897 966 2052 1027 hanc
2085 983 2321 1027 aetatem
2345 961 2577 1024 eamdem

551 1051 794 1130 respicit
839 1048 1032 1113 insula
1074 1044 1303 1118 Λευκάς·
1338 1054 1401 1111 in
1443 1050 1717 1133 Scymno
1755 1051 1923 1113 Chio
1972 1052 2107 1130 (c).
2157 1050 2340 1111 Facta
2370 1050 2581 1108 tumin-

552 1130 683 1205 sula
724 1132 957 1201 Leucas
1004 1133 1407 1197 Dodwellum
1440 1135 1677 1209 latuit,
1721 1138 1828 1221 qui
1869 1156 1944 1197 ex
1988 1134 2270 1211 Homero
2321 1147 2488 1213 usque
2517 1127 2581 1189 ad

550 1215 781 1282 bellum
819 1217 1397 1300 peloponnesiacum
1439 1241 1574 1281 eam
1605 1217 1786 1283 fuisse
1822 1218 2207 1303 peninsulam
2245 1215 2452 1278 adserit
2482 1214 2579 1299 (d).

552 1304 641 1365 At
672 1300 879 1384 paullo
914 1322 1049 1383 post
1086 1302 1357 1385 S'cylacis
1406 1322 1680 1380 aetatem,
1717 1309 1966 1367 vivente
2017 1302 2216 1365 forsan
2266 1298 2583 1370 Herodoto,

550 1408 862 1451 arenarum
904 1388 1020 1451 ista
1062 1391 1381 1472 congeries,
1431 1386 1510 1450 de
1561 1410 1682 1472 qua
1729 1388 2006 1462 Plinius,
2056 1388 2315 1449 insulam
2365 1380 2587 1445 reddidit

552 1474 919 1533 continenti.
960 1470 1363 1557 Thucydides
1400 1468 1565 1535 enim
1591 1472 1966 1561 peninsulam
2009 1470 2450 1534 Leucadiorum
2486 1484 2592 1527 tan·

556 1574 689 1621 tum
721 1559 927 1630 novit,
960 1578 1149 1640 quum
1178 1556 1650 1632 Lacedemonii,
1685 1562 1942 1640 septimo
1965 1556 2112 1619 belli
2145 1552 2590 1639 peloponnesiaci

556 1662 755 1716 anne,
782 1660 963 1703 naves
998 1646 1339 1723 sexaginta,
1372 1663 1510 1725 quae
1532 1640 1694 1725 apud
1737 1642 2072 1725 Corcyram
2109 1655 2313 1714 erant,
2343 1660 2439 1723 per
2469 1634 2594 1697 Leu-

558 1722 807 1789 cadium
842 1724 1130 1787 isthmum
1148 1724 1309 1787 clam
1334 1731 1898 1809 transportaverint,
1919 1744 1989 1787 ut
2013 1724 2092 1786 ad
2126 1724 2346 1807 Pylum
2375 1719 2596 1783 redirent

556 1803 625 1882 al*
650 1814 675 1885 (
702 1806 819 1878 viitc
853 1814 875 1893 )
923 1806 1321 1891 ὑπρευεχθέῖσαῃ
1368 1807 1448 1873 wir
1489 1808 1814 1875 Λευκωδῖων
1853 1808 2032 1888 ἰσθμόν
2081 1811 2194 1893 (e).
2253 1802 2600 1869 Penii-mulam

558 1914 805 1977 quoque
852 1912 1148 1958 memorat
1193 1894 1588 1957 Dicaearchus
1631 1897 1735 1979 (f)
1771 1942 1786 1971 ,
1829 1916 1992 1957 anno
2035 1895 2278 1957 circiter
2323 1908 2440 1971 300
2487 1902 2599 1947 ante

562 1978 917 2052 Christum3
940 1981 1066 2041 imo
1088 1978 1345 2042 florente
1364 1979 1682 2063 Philippo,
1712 1980 1908 2043 Persei
1932 1994 2133 2065 patre,
2159 2000 2324 2040 anno
2359 1994 2458 2061 197
2489 1988 2600 2031 ante

538 2059 542 2067 ¹
564 2063 901 2137 Christum,
922 2066 1256 2125 etiamnum
1274 2062 1583 2127 Leucadia
1597 2063 1914 2147 peninsula
1930 2082 2087 2137 erat,
2113 2084 2227 2125 nec
2241 2060 2484 2123 desierat
2505 2072 2602 2117 esse

564 2170 637 2209 ex
670 2144 1060 2228 Thucydidis
1090 2167 1283 2211 aetate.
1326 2150 1484 2214 Haec
1503 2148 1724 2211 diserte
1747 2166 1996 2213 testatur
2021 2148 2230 2210 Livius
2263 2148 2358 2231 (g)
2396 2150 2452 2205 in
2493 2140 2604 2201 loco

557 2252 757 2315 ‚quem
782 2230 989 2315 paullo
1026 2256 1201 2315 supra
1228 2232 1480 2296 Vossius
1521 2233 1763 2295 adtulit.
1797 2234 1974 2297 Dum
2003 2237 2236 2295 viveret
2275 2246 2472 2293 autem
2508 2228 2608 2306 ipse

564 2316 808 2391 Livius,
838 2316 1034 2379 insula
1052 2340 1283 2381 rursum
1308 2336 1436 2381 erat
1457 2318 1785 2393 Leucadia,
1807 2336 1876 2379 ut
1903 2319 2070 2380 locus
2094 2314 2259 2379 idem
2285 2308 2606 2377 discendum
2750 2308 2756 2609 Ι

444 302 464 309 -
552 230 691 347 {82
1083 240 1089 251 ⁸
1275 275 1904 329 Annon-nomas
2027 298 2032 302 -
2738 202 2744 517 1

575 2401 763 2465 tradit
785 2418 897 2477 ;set
935 2401 1131 2465 insula
1154 2405 1338 2467 etiam
1367 2404 1661 2485 Dionysii
1699 2403 2014 2465 Halicarn.
2055 2418 2230 2463 aetate
2259 2401 2380 2481 (h).
2415 2394 2611 2458 Nescio

548 2501 643 2555 Lan
682 2503 891 2569 postea
926 2486 1071 2549 alias
1109 2490 1270 2549 vices
1303 2509 1578 2571 perpessa
1613 2491 1690 2549 sit
1719 2473 1846 2549 ht‘ec
1879 2486 2078 2548 insula
2105 2509 2132 2547 :·
2155 2484 2262 2548 sed
2295 2481 2440 2545 nihil
2470 2472 2608 2540 aliud

568 2576 693 2651 agit
722 2570 952 2633 Plinius
982 2574 1102 2651 (i),
1136 2593 1321 2655 quam
1354 2572 1618 2635 breviter
1649 2571 1778 2634 haec
1809 2575 1938 2657 ipsa
1959 2575 2218 2633 omnino
2245 2567 2480 2639 referre,
2501 2578 2610 2645 quae

568 2655 811 2715 uberius
840 2676 955 2737 ego
990 2679 1063 2719 ex
1092 2676 1363 2719 veterum
1390 2660 1758 2719 testimoniis
1783 2654 2142 2719 confirmare
2169 2654 2357 2716 volui.
2397 2651 2611 2712 Prorsus

572 2739 768 2801 insula
824 2758 951 2803 erat
990 2740 1298 2804 Leucadia
1348 2742 1534 2805 Plinii
1587 2743 1756 2815 aevO,
1807 2744 1912 2823 qui
1955 2739 2164 2823 paullo
2214 2743 2411 2819 junior
2463 2732 2611 2827 Livio

572 2826 812 2889 tantum
837 2822 971 2889 fuit.
1006 2825 1127 2889 Se‘d
1155 2826 1362 2890 insulae
1395 2824 1618 2888 nomen
1650 2823 1970 2887 Leucadiae
2005 2828 2223 2886 iterum
2255 2836 2376 2883 n'on
2405 2816 2616 2883 tribuit,

572 2912 718 2991 quia
753 2911 1037 2973 omnibus
1074 2912 1197 2974 haec
1236 2934 1325 2973 res
1364 2930 1671 2993 comperta
1701 2926 1854 2984 erat,
1889 2926 1950 2971 et
1980 2910 2172 2971 relatu
2206 2905 2449 2968 inutilis.
2509 2972 2523 2977 ,

670 2994 806 3073 163.
834 2994 1037 3079 Vulgo
1064 2994 1269 3079 Φαςςί]
1308 2996 1468 3057 Puto
1501 2993 1822 3076 legendum
1861 2992 2035 3073 Φεραᾷ.
2077 2993 2172 3054 Ea
2207 3009 2404 3053 autem
2435 2986 2619 3049 civitas

574 3078 925 3139 AEtolorum
954 3079 1116 3161 apud
1150 3078 1558 3163 Stephanum,
1591 3098 1650 3140 et
1690 3079 2077 3141 Eustathiurn
2109 3079 2173 3137 in
2211 3084 2527 3139 comment.
2554 3062 2616 3123 ad

582 3163 955 3235 Homerum,
991 3166 1099 3246 qui
1136 3186 1211 3225 ex
1250 3186 1327 3226 eo
1374 3157 1590 3225 ha'usit.
1637 3162 1813 3251 Saepe
1864 3160 2029 3224 enim
2081 3164 2355 3223 civitates
2395 3148 2623 3217 AEtolo-

580 3269 711 3310 rum
756 3264 817 3309 et
853 3249 1274 3323 Acarnanum,
1322 3246 1803 3310 confunduntur.
1860 3247 2121 3314 Vossius.
2571 3314 2578 3328 ‚

674 3332 807 3409 164.
854 3329 1059 3413 Vulgo
1098 3328 1251 3402 πόλις
1276 3329 1572 3416 ’Δλότῖιοι]
1612 3330 1828 3395 Scribe
1859 3354 1998 3395 cum
2041 3329 2340 3392 Salmasio
2375 3319 2621 3401 'Avaflffl

597 3414 861 3481 Vossius·
1144 3420 1151 3431 “

674 3498 809 3583 165.
858 3496 1087 3583 Κόρης]
1136 3500 1512 3584 Stephanus,
1562 3496 1752 3584 Κάρνος
1796 3501 1942 3569 νίἰσυς
1987 3492 2345 3582 Ἀκαρνανίας.
2389 3492 2631 3559 Vossius.
2752 3500 2755 3559 l

640 3650 705 3703 (a)
736 3648 833 3691 Loe.
852 3652 922 3691 cit.
944 3653 962 3703 (
982 3664 1075 3705 pag.
1090 3648 1171 3707 693
1191 3679 1205 3699 ,
1220 3650 1255 3707 ς
1274 3630 1311 3701 3.
1719 3654 1779 3705 (e)
1817 3650 1986 3703 numi,
2011 3652 2084 3695 lib.
2104 3644 2402 3703 zv,cap.8.cf.
2419 3643 2472 3687 e‘b.
2497 3650 2637 3695 rtr,9{*·

639 3705 703 3756 (b)
731 3706 825 3749 Lib.
843 3718 906 3749 vn
923 3738 934 3757 ,
948 3721 1036 3762 cap.
1055 3720 1127 3761 45.
1205 3729 1210 3740 ι
1719 3708 1794 3762 (f)
1813 3710 1866 3749 V.
1895 3722 1966 3763 49.

642 3762 703 3813 (c)
734 3762 823 3806 Orb.
843 3763 1025 3819 descript,
1040 3778 1079 3805 v.
1094 3764 1194 3819 464.
1719 3766 1781 3817 (g)
1809 3764 1903 3805 Lib.
1923 3772 2078 3807 xxxnx
2096 3793 2108 3811 ,
2127 3776 2216 3817 cap.
2241 3774 2303 3812 ¹7·
2357 3772 2364 3777 ·

642 3816 708 3868 (d)
740 3816 790 3859 ln
813 3821 1022 3864 Dissertar.
1041 3824 1080 3863 in
1109 3821 1259 3877 scytae.
1281 3826 1319 3873 ς.
1340 3820 1435 3863 Vll]
1451 3850 1465 3872 ,
1497 3823 1588 3863 init.
1722 3822 1785 3873 (h)
1811 3820 1936 3863 Conf.
1951 3822 2050 3861 Ant.
2068 3833 2162 3861 rom.
2183 3817 2255 3863 lib.
2275 3831 2314 3865 ι,
2332 3831 2370 3873 p·
2385 3826 2472 3869 ρο»
2491 3813 2566 3853 liss-
2585 3820 2637 3861 3³·

588 3884 681 3928 pag.
703 3886 795 3931 179.
896 3886 900 3890 ’
1416 3882 1426 3888 “
1721 3879 1779 3935 (ἱλ
1806 3876 1904 3939 ΠΙ)Σ
1926 3889 1988 3939 ty,
2003 3878 2092 3932 Cap.
2117 3890 2153 3918 ι.
