2809 4642
977 374 1066 423 m
1121 364 1608 445 HANNonaM.
1643 344 1661 356 ⁴*
2244 326 2271 417 ι’
2292 374 2315 418 1

245 469 424 539 ultra
467 470 870 543 Columnas
919 474 1298 545 Herculeas
1343 476 1851 569 expeditionem
1896 472 2325 567 suscepisset.

252 570 463 643 Hunc
491 576 704 658 situm
735 578 996 647 exinde
1021 578 1443 675 colligebant
1465 630 1485 661 ,
1539 580 1610 647 ni
1646 576 1884 660 fallor,
1936 580 2130 669 quod
2175 572 2326 646 He-

255 677 631 766 speridibus
676 681 1120 774 propinquas
1157 680 1415 751 fecerat
1448 680 1691 750 fabulae
1743 684 1831 750 de
1873 677 2327 777 Gorgonibus

253 777 505 867 primus
550 800 804 851 auctor
847 784 1239 853 Hesiodus.
1291 784 1504 855 Certe
1551 783 2019 877 Hesperidum
2064 782 2324 851 insulas

253 880 322 947 in
365 880 769 972 Cyrenaicae
828 884 1087 984 μεθορίῳ
1131 888 1366 980 posuit
1410 886 1890 957 Eratosthenes
1915 887 1961 952 ¹.
2012 884 2119 955 Ita
2160 884 2323 955 olim

253 985 618 1075 appellatas
669 1010 828 1057 esse
874 1012 1140 1085 magna:
1183 986 1386 1080 Syrtis
1431 990 1689 1060 insulas
1727 988 2123 1081 Cyrenaicae
2164 1010 2327 1080 prae-

257 1100 510 1171 tensas,
561 1090 680 1160 vel
723 1114 812 1159 ex
853 1092 986 1159 hoc
1019 1092 1170 1185 ipso
1201 1092 1669 1161 Eratosthenis
1700 1094 1857 1161 loco
1890 1088 2325 1160 manifestum

259 1206 391 1269 est,
429 1194 756 1283 quamvis
783 1190 1043 1290 fugerit
1073 1196 1545 1265 doctissimum
1580 1194 2104 1265 Casaubonum.
2136 1192 2325 1261 Idem

258 1305 476 1361 tamen
523 1296 736 1364 etiam
792 1295 1258 1367 Casaubonus
1305 1298 1625 1393 agnoscit
1652 1297 1894 1367 urbem
1936 1294 2329 1387 Cyrenaicae

258 1390 658 1466 Berenicem
697 1386 1006 1497 ἐσπιςίάὶι
1045 1396 1396 1493 Stephano
1432 1450 1451 1483 ,
1508 1399 1983 1491 Hesperidum'
2014 1418 2238 1467 autem
2288 1420 2329 1467 a

265 1492 490 1565 Plinio
507 1499 568 1592 ἦ,
629 1503 976 1595 appellari.
1036 1501 1124 1570 Et
1161 1502 1633 1594 Hesperidum
1674 1499 1893 1588 >tajonem
1936 1498 2147 1568 fuisse
2179 1551 2199 1581 ,
2252 1499 2327 1567 in

270 1619 474 1687 quem
509 1600 760 1673 fluvius
796 1604 1040 1673 Ladon
1077 1604 1288 1673 exiret
1317 1654 1357 1687 „
1397 1592 1589 1673 idem*
1616 1606 1825 1674 docet
1864 1600 2105 1672 Strabo
2125 1599 2178 1667 3.
2218 1598 2331 1669 Sic

269 1700 448 1769 enim
485 1704 871 1801 legendum
893 1761 913 1792 ,
960 1729 1147 1789 non,
1185 1725 1264 1776 ut
1291 1708 1511 1777 voluit
1541 1700 2043 1786 Casaubonus‚
2092 1698 2359 1783 waiva(

262 1801 472 1873 Etiam
537 1808 1008 1902 Hesperidum
1073 1811 1306 1879 hortos
1379 1812 1513 1877 hoc
1552 1810 1731 1878 'loco
1788 1810 2050 1902 positos
2085 1858 2105 1891 ‚
2177 1828 2323 1874 non

261 1901 488 1979 Strabo
513 1904 552 1954 4
591 1914 840 1993 mod0‚
871 1936 1107 1981 verum
1139 1914 1341 1981 etiam
1368 1908 1675 1982 Plinius⁵
1716 1913 1865 2004 ipse
1899 1927 2213 1988 testatum
2258 1926 2329 1977 et

259 2010 537 2097 quidem
571 2012 874 2098 Plinius,
931 2033 1208 2084 auctore
1247 2016 1679 2083 Theomene.
1717 2014 1938 2083 Etiam
1978 2012 2329 2105 antiquior

265 2108 486 2183 Plinio
523 2103 842 2207 Scylax⁶,
894 2136 961 2185 et
1017 2116 1246 2185 Plinio
1297 2118 1531 2208 junior
1576 2102 2053 2199 Ptolemaeus7,
2096 2118 2329 2185 hortos

259 2234 653 2309 agnoscunt
693 2219 1156 2311 Hesperidum
1200 2221 1274 2287 in
1323 2222 1452 2289 hac
1497 2223 1735 2289 eadem
1790 2219 2077 2316 regione
2119 2217 2327 2309 Cyre-

260 2317 470 2387 naica.
507 2321 608 2391 Hi
633 2319 864 2391 Plinio
889 2324 1090 2392 etiam
1124 2318 1615 2419 suffragantur,
1645 2323 1885 2391 urbem
1921 2321 2322 2391 Berenicen!

263 2418 723 2513 Hesperidum
772 2425 1019 2517 plurali
1075 2426 1362 2505 nomine
1418 2426 1813 2545 designanti
1857 2450 1874 2492 ε
1922 2426 2111 2516 quod
2166 2421 2329 2491 facit

263 2520 413 2611 ipse
443 2548 724 2619 quoque
762 2524 1150 2620 Stephanus
1175 2528 1250 2595 in
1283 2551 1457 2596 voce
1482 2543 1826 2603 Μασκωτος.
1860 2527 2127 2595 Locum
2152 2545 2323 2618 prae·

267 2640 484 2710 terea,
533 2652 682 2721 quo
709 2629 968 2698 fiaerint
1004 2632 1072 2699 hi
1122 2632 1591 2723 Hesperidum
1630 2628 1847 2713 horti,
1882 2627 2273 2724 designavit
2305 2679 2328 2709 ,

267 2742 341 2795 ut
365 2748 576 2821 pum,
611 2729 880 2803 Plinius
901 2721 961 2813 ⁸,
1007 2734 1066 2801 si
1113 2751 1343 2802 tamen
1375 2751 1558 2803 recte
1596 2734 1805 2802 verba
1833 2733 2051 2815 illius,
2090 2748 2162 2799 et
2198 2749 2331 2823 pro

267 2834 557 2917 auctoris
594 2836 974 2919 sententia,
1027 2836 1550 2913 constituantur.
1597 2830 1706 2905 Sic
1748 2853 1975 2905 autem
2004 2832 2283 2902 'habent
2308 2856 2329 2899 ι

277 2931 689 3017 Thammes„
735 2942 939 3029 juxta
979 2938 1219 3031 Syrtt'm
1261 2962 1557 3037 magnam
1617 2939 1857 3007 hortum
1898 2936 2333 3031 Hesperidum

269 3056 402 3103 esse
420 3088 441 3117 ,
494 3062 573 3107 ex
621 3064 744 3133 quo
791 3044 856 3107 in
899 3045 1205 3139 'stagnum
1265 3042 1465 3110 cadat
1502 3092 1522 3121 ,
1598 3040 1812 3138 colligi
1864 3062 1997 3111 vero
2046 3038 2089 3108 ἆ
2142 3044 2331 3137 virge·-

271 3135 453 3206 nibus
504 3144 956 3236 Hesperidum.
1011 3142 1190 3211 Illud
1237 3146 1555 3239 stagnum
1602 3138 1695 3213 τὴν
1756 3138 1849 3210 ὑπ’»
1897 3138 2167 3216 Λάδωνος
2232 3166 2332 3205 πυ-

273 3238 434 3323 auu-G
491 3236 897 3334 ἐωξεπομένιςν
929 3244 1175 3329 λίμνην
1235 3247 1537 3339 appellat
1600 3244 2031 3317 Ptolemaeus.
2092 3244 2339 3334 Itaque

279 3340 411 3410 huc
451 3364 711 3438 spectat
749 3347 944 3415 locus
1003 3345 1354 3417 Strabonis
1382 3400 1401 3430 ,
1456 3373 1666 3441 quem
1708 3351 1800 3421 ita
1836 3346 2340 3443 repraesentavit

284 3577 480 3705 sb'Ap.
506 3580 688 3639 Strab.
711 3581 804 3638 lib.
828 3596 896 3650 11,
920 3602 1041 3660 pag.
1075 3606 1136 3639 ιι
1146 3605 1170 3659 3
1204 3586 1359 3715 (pag.
1387 3586 1447 3642 18
1458 3604 1483 3656 5
1502 3628 1517 3651 ,
1540 3586 1644 3656 A).
1713 3617 1786 3629 —
1844 3592 1867 3617 ²
1893 3584 2030 3640 Plin.
2058 3582 2182 3639 Nat.
2206 3580 2341 3637 Hist.

282 3654 1356 3861 ss'gvfflbffg'.{¹3‹332.³1532¹5‘A¹›1
1378 3658 1868 3792 {Kusqsszffi-{ae}
1927 3656 2401 3796 3{·‚{‚22⁹<{s;,‘,³21=

280 3831 340 3845 -
415 3804 561 3882 Scyl.
585 3806 765 3938 Peg.
794 3826 860 3882 pa
897 3850 914 3865 .
933 3812 1005 3878 46
1020 3808 1218 3897 ,·Huds.
1245 3827 1361 3886 cap.
1389 3828 1550 3870 namq.
1592 3840 1665 3853 --
1712 3814 1734 3847 ⁷
1758 3807 1977 3865 Ptolem.
2008 3807 2177 3879 Geogr.
2204 3804 2237 3859 l.
2260 3816 2347 3869 lv,

281 3892 376 3953 cap.
401 3890 452 3952 4.
487 3916 564 3937 .-
608 3881 630 3915 ¹³
725 3898 802 3939 m.
881 3899 947 3938 at.
971 3882 1108 3939 Htst.
1127 3898 1363 3953 xxxvn,
1395 3906 1445 3942 2.
