2809 4642
929 360 1018 413 m
1072 352 1563 413 HANNONEM.
2160 350 2273 439 -13

211 456 407 533 etiam
445 459 722 533 Servius
747 462 762 491 ¹
784 514 804 545 ,
861 465 986 555 qui
1035 466 1266 535 hortos
1313 462 1779 558 Hesperidum
1827 465 2007 535 circa
2056 454 2282 559 Syrtes

216 564 600 635 collocarint
627 618 649 649 ‚
700 589 841 635 nec
883 566 1099 663 longe
1139 572 1190 635 a.
1229 568 1499 637 civitate
1541 567 1887 637 Berenice.
1936 568 2025 637 Et'
2066 570 2281 640 infre-

217 685 494 765 quentes
509 718 528 748 ,
575 668 1076 761 antiquissimis
1104 670 1529 764 temporibus
1546 718 1565 752 ,
1604 671 1957 741 ulteriores
1987 672 2139 741 illas
2166 672 2283 741 Li·

213 768 340 861 byae
381 788 612 863 partes
642 769 896 853 fixisse,
943 795 1034 840 ne
1075 772 1358 865 quidem
1393 766 1717 841 diffitetur
1750 771 1992 843 Strabo
2010 772 2065 841 ².
2108 772 2281 844 Haec

213 894 368 968 ergo
401 874 892 966 antiquissima
917 870 1132 944 fuisse
1159 874 1431 944 videtur
1466 876 1553 943 de
1584 876 1719 943 situ
1754 872 2175 973 Gorgonum
2206 895 2277 946 et

212 973 685 1068 Hesperidum*
705 977 1084 1057 sententia3
1120 976 1625 1047 Historicorum
1658 976 1916 1048 scilicet
1936 978 2276 1071 antiquis-

211 1075 530 1147 simorum
570 1129 591 1161 ,
651 1078 920 1171 quique
973 1080 1282 1173 proxime
1331 1095 1595 1149 aetatem
1656 1082 2005 1177 attigerint
2057 1080 2273 1175 ipsius

213 1176 512 1249 Hesiodi.

212 1394 248 1448 S·
283 1384 375 1444 Vl.
410 1386 651 1444 juniores
670 1386 862 1443 deinde
887 1388 982 1445 alii
1005 1386 1076 1443 ad
1101 1385 1360 1463 Cyrenen
1389 1384 1553 1443 aliam
1578 1389 1637 1443 in
1668 1381 1807 1445 freto
1824 1385 2087 1445 Gaditano
2118 1393 2271 1449 sitam

923 1462 1204 1539 Gorgonas
1230 1460 1541 1519 retulerunt.

314 1649 639 1722 Paulatim
701 1655 954 1725 deinde
1009 1654 1277 1723 exculta
1353 1652 1837 1750 navigatione,
1909 1654 2269 1755 constabat

218 1754 610 1849 Oceanum,
653 1780 1196 1850 supremumque
1229 1756 1604 1825 occidentis
1643 1756 2054 1838 terminum,
2096 1756 2267 1827 ulte-

213 1856 338 1925 rius
381 1856 591 1927 fuisse
639 1863 1102 1952 quaerendum.
1144 1860 1328 1927 Tum
1367 1882 1539 1955 ergo
1576 1860 1663 1927 ad
1713 1859 1894 1950 ipsas
1937 1859 2260 1929 Herculis

213 1956 448 2027 Colum
456 1984 608 2043 naS,
633 1960 1022 2054 fretumque
1039 1956 1455 2030 Gaditanum
1471 2012 1492 2044 ,
1507 1960 2104 2030 constituebantur
2115 1961 2285 2031 He-.

210 2062 492 2152 spel-ides
519 2115 556 2161 ,·
591 2082 661 2132 et
702 2066 998 2159 proinde
1043 2061 1465 2161 Gorgonum
1516 2063 1708 2159 regio
1756 2060 2258 2156 Hesperidibus

95 2174 100 2179 “
209 2163 433 2233 vicina.
464 2166 675 2235 Hanc
705 2167 1122 2259 sequebatur
1151 2165 1558 2235 sententiam
1589 2163 2011 2257 Palaephatus
2032 2162 2056 2211 ³
2086 2191 2103 2243 3
2159 2167 2259 2237 sic

208 2282 417 2336 tamen
457 2287 535 2336 ut
571 2270 822 2362 prioris
870 2269 1220 2338 sententiae
1261 2268 1551 2363 vestigia
1599 2269 1675 2336 in
1718 2291 1797 2337 ea
1839 2286 2254 2351 constarent3

206 2366 608 2461 Phorcynem
639 2372 845 2452 enirn,
871 2368 1290 2469 Gorgonum
1309 2388 1567 2463 patrem
1582 2368 2027 2461 „Cyrenaeum
2043 2367 2253 2439 fuisse

207 2473 445 2540 statuit.
483 2472 805 2565 Cyrenen
844 2491 1071 2543 autem
1113 2473 1406 2543 insulam
1440 2471 1598 2542 facit
1641 2490 1828 2541 extra
1861 2472 2249 2543 Columnas

207 2571 594 2660 Herculeas,
649 2576 722 2645 in
757 2576 1012 2669 quibus
1050 2577 1353 2673 regnarit
1397 2577 1545 2669 ipse
1583 2574 1921 2666 Phorcyn.
1962 2575 2111 2645 Has
2135 2598 2251 2645 co-

205 2673 488 2761 lumnas,
521 2702 652 2772 pro
689 2701 978 2749 numero
1005 2676 1426 2776 Gorgonum
1458 2679 1798 2771 ipsarum,
1833 2695 1963 2747 tres
1989 2678 2246 2747 insulas

203 2774 390 2847 firisse
411 2782 696 2850 credidit
711 2832 731 2865 ‚
755 2806 794 2850 e
819 2798 1124 2851 veterum
1150 2779 1650 2849 nonnullorum
1673 2780 2046 2863 sententia,
2070 2802 2249 2871 quo·
2358 2852 2366 2857 ,

205 2901 340 2947 rum
393 2884 703 2953 meminit
737 2884 1123 2975 Hesychius
1139 2876 1198 2951 4.
1243 2880 1377 2952 Sed
1420 2906 1505 2952 eo
1544 2880 1701 2951 loco
1744 2905 1876 2950 nec
1915 2881 2241 2975 Cyrenen

200 2981 390 3051 ullam
413 2984 486 3054 in
502 2986 695 3055 bono
719 2986 1016 3083 legimus
1051 3004 1360 3066 auctore3
1387 3003 1458 3055 et
1486 3008 1579 3055 ne
1598 2983 1881 3077 quidem
1912 2982 2196 3056 Cernen
2216 3036 2239 3069 ,

206 3106 338 3174 quae
355 3110 476 3179 pro
510 3113 588 3159 ea
613 3107 882 3184 posset,
919 3089 1029 3157 vel
1066 3112 1191 3181 per
1227 3111 1561 3169 errorem,
1595 3087 1935 3180 usurpari;
1976 3086 2239 3156 nullam

206 3204 390 3270 certe,
411 3192 685 3282 qualem
702 3214 851 3260 esse
873 3191 1022 3259 vult
1039 3189 1461 3285 Palaephatus
1483 3242 1502 3275 ,
1522 3189 1702 3258 illius
1720 3190 2021 3259 nominis
2047 3190 2241 3261 insu-

203 3280 336 3357 la'm.
366 3291 598 3386 Itaque
617 3316 768 3362 non
794 3293 1072 3362 aliunde
1085 3312 1300 3365 ortam
1320 3292 1531 3362 fuisse
1552 3291 1913 3363 verisimile
1934 3310 2036 3362 est
2056 3286 2237 3363 hanc

209 3403 321 3458 tam
351 3394 545 3466 alieni
592 3398 764 3466 situs
804 3394 1164 3487 Cyrenen,
1210 3418 1421 3489 quam
1470 3397 1662 3487 quod
1699 3393 1862 3463 olim
1908 3395 1980 3463 in
2016 3394 2237 3488 Cyre-

207 3493 372 3569 mica
393 3498 688 3569 celebres
704 3498 860 3567 illos
881 3495 1345 3591 Hesperidum
1363 3499 1596 3567 hortos
1616 3498 2007 3567 statuissent
2029 3498 2235 3591 primi

209 3613 342 3684 post
367 3598 748 3673 Hesiodum
777 3600 1101 3671 historici.
1140 3601 1306 3671 Haec
1341 3623 1512 3697 ergo
1548 3598 1663 3669 illa
1698 3616 1844 3683 est,
1885 3600 1964 3667 ni
1994 3597 2231 3682 fauor,

263 3786 1144 3869 ·sm.adv1rg.2fit.1v,v.485.
1184 3824 1259 3837 -
1300 3774 1808 3864 ²stra12.¹.1,'p.ss.
1847 3818 1921 3832 --
1963 3785 2231 3863 ³Pataeph.
2306 3754 2313 3763 ’

205 3857 457 3924 delueredt'b.
478 3886 524 3923 c.
557 3888 653 3944 3²·
692 3896 772 3911 -
807 3860 836 3900 ⁴
859 3864 1088 3940 Hesych.
1116 3880 1221 3920 wa.
1838 3932 1843 3939 ι
