2809 4642
492 359 544 440 4
702 345 708 358 ’
1027 375 1457 429 DonwELu
1513 366 2025 428 mssna‘rnio

495 471 800 552 Θαυμασίων
825 471 1202 550 ἀκουσμάτων,
1231 481 1514 537 Aristotele
1542 484 1653 557 ipso
1672 501 1779 538 non
1798 481 1966 538 multo
1982 482 2175 555 junior.
2198 477 2351 534 Forte
2374 476 2559 534 Theo-

533 557 749 616 hrastus.
784 555 860 600 -'-
884 565 926 620 ς.
969 553 1146 611 ΧΧΠ.
1184 555 1380 631 Scylax
1414 574 1523 610 non
1542 574 1607 610 ex
1635 555 1895 612 Hannone
1909 598 1925 621 ,
1954 555 2046 610 sed
2078 573 2146 610 ex
2178 550 2560 682 antivuioribus

544 647 751 686 annone
785 627 1134 698 Phoenicum⁸
1198 633 1244 686 ri
1283 632 1374 695 iis,
1412 649 1501 685 sua
1526 629 1711 686 hausit.
1732 661 1809 674 —-
1830 640 1871 694 s.
1906 627 2107 685 XXIII.
2140 629 2297 704 Perip
2316 647 2409 684 um
2514 641 2562 682 st

492 705 762 760 Hannonis
791 713 1018 761 mortem
1035 748 1052 772 ,
1085 724 1143 759 su
1217 709 1236 760 i
1277 710 1356 760 ius
1383 705 1601 759 nomine
1618 745 1633 770 ,
1672 703 1934 760 confinxit
1960 703 2173 760 Graecus
2203 702 2385 782 aliquis
2472 719 2557 756 ar-

486 780 902 856 thaginiensium
938 780 1206 837 studiosus.
1233 812 1310 824 —
1339 790 1382 844 s.
1422 777 1619 835 XXIV.
1660 777 1893 854 Peripius
1930 777 2211 834 hodiernus
2244 796 2277 832 a
2311 791 2558 832 veterum

489 853 696 932 periplo
711 897 728 921 ,
766 858 858 932 qui
881 853 978 910 sub
1005 853 1276 911 Hannonis
1305 855 1525 910 nomine
1550 851 1807 910 confictus
1828 867 1935 922 est,
1974 855 2032 908 in
2054 852 2233 909 multis
2266 849 2556 908 admodum

494 943 725 987 mutatus
743 943 837 986 est·

654 1270 700 1326 ς.
723 1259 761 1316 I.
783 1259 852 1314 V:
893 1259 962 1315 cl.
1001 1258 1063 1317 Is.
1093 1257 1264 1314 Vossii
1295 1258 1361 1314 de
1375 1258 1542 1338 Jiujus
1570 1258 1760 1336 peripli
1793 1261 2098 1338 antiquitate
2120 1229 2388 1318 senieniia„

593 1468 1076 1540 ΗΑΝΝΟΝΕΜ
1119 1469 1336 1564 longe
1392 1492 1599 1559 quam
1662 1469 1875 1564 vulgo
1921 1469 2332 1550 habebatur,
2384 1465 2559 1536 anti-

483 1572 805 1664 quiorem
837 1572 1107 1640 censuit
1141 1572 1242 1640 vir
1271 1593 1439 1639 sane
1472 1571 1805 1638 maximus
1825 1621 1845 1652 ‚
1885 1572 2191 1665 mihique
2220 1619 2239 1652 ‚
2277 1573 2442 1638 dum
2474 1568 2552 1636 in

488 1675 660 1744 vivis
697 1692 912 1755 esset,
943 1671 1388 1742 amicissimus
1408 1722 1429 1753 ,
1480 1671 1749 1740 Isaacus
1776 1671 2089 1744 Vossius.
2124 1671 2337 1741 Nunc
2364 1671 2553 1741 enim

485 1776 680 1844 ilium
705 1778 952 1844 ducem
980 1772 1191 1842 fiiisse
1215 1773 1502 1843 credidit
1530 1774 1606 1843 in
1636 1775 2073 1866 expeditione
2104 1798 2315 1868 quam
2330 1763 2551 1844 'Phoe-

473 1878 760 1945 uicibus
794 1877 1027 1946 tribuit
1041 1872 1280 1945 Strabo
1298 1927 1318 1961 ,
1344 1877 1554 1968 paulo
1582 1895 1741 1970 post
1765 1877 2104 1947 excidium
2122 1877 2545 1969 Troianum:

488 2003 683 2048 nunc
715 2003 946 2047 rursus
975 1977 1135 2046 facit
1167 1981 1389 2047 adhuc
1416 1980 1871 2073 antiquiorem
1890 2031 1909 2061 ‚
1940 1996 2008 2049 et
2038 1978 2293 2049 Perseo
2318 2001 2549 2073 aequa-
2651 2013 2668 2018 -

485 2081 623 2149 iem
645 2133 666 2164 ‚
711 2103 1032 2172 caesaeque
1067 2105 1106 2149 a
1138 2075 1388 2150 Peiseo
1422 2080 1744 2178 Gorgoni
1770 2084 1816 2152 ¹.
1848 2081 2152 2152 Proinde
2187 2104 2551 2152 commen·

484 2185 655 2278 tario
684 2200 1024 2276 perpetuo
1063 2185 1542 2278 geographum
1582 2185 1769 2253 hunc
1788 2233 1807 2266 ‚
1842 2207 2053 2277 quem
2084 2185 2399 2256 omnium
2424 2209 2551 2254 an·

485 2285 945 2378 tiquissimum
986 2285 1342 2382 aibitratus
1378 2303 1516 2370 est,
1544 2286 1879 2356 illustrare
1924 2289 2339 2358 decreverat.
2380 2287 2550 2362 Haee

483 2411 614 2457 nos
661 2390 913 2458 docent
943 2388 1511 2486 ingeniosissima:
1553 2388 1733 2458 illius
1790 2391 1866 2458 in
1920 2389 2184 2459 Melam
2225 2389 2549 2461 observa-

481 2485 736 2588 tiones5'
761 2490 1046 2579 Utinam
1070 2489 1280 2561 fidem
1311 2492 1661 2562 liberasset
1686 2497 1699 2558 !
1722 2487 2057 2562 'edidisset
2080 2493 2266 2562 enim
2295 2511 2363 2563 et
2384 2493 2547 2565 alias

482 2583 841 2692 sententiae,
875 2616 1009 2662 suae
1036 2594 1332 2664 rationes
1357 2633 1389 2676 ,·
1426 2611 1494 2663 et
1522 2593 1737 2664 multa
1758 2594 1887 2664 alia
1914 2595 2397 2688 proculdubio
2420 2597 2548 2666 do-

479 2696 734 2765 cuisset
769 2683 956 2796 scitu
984 2696 1387 2792 dignissima
1415 2698 1519 2768 vir
1550 2698 1989 2794 geographiae
2016 2698 2260 2768 veteris
2291 2698 2550 2791 peritis-

479 2798 715 2867 simus.
747 2793 981 2892 ,Nflnq
1007 2797 1174 2886 ⁴ilias
1229 2801 1707 2868 tantummodo
1764 2801 2065 2871 rationes
2122 2800 2303 2870 illius
2352 2823 2547 2872 com-

478 2918 703 2992 pertas
754 2889 1082 2998 habemus
1108 2952 1127 2982 ,
1179 2902 1267 2970 de
1311 2900 1565 2992 quibus
1600 2901 1854 2986 obiter,
1914 2905 2239 2995 aliudque
2286 2927 2545 3000 agens,

478 3023 764 3070 monere
808 2999 1317 3102 dignatusest,
1359 3005 1607 3100 dignas
1661 3022 1889 3075 tamen
1931 3029 2085 3099 quae
2128 3006 2215 3074 ad
2254 3028 2545 3078 examen

471 3121 909 3173 revocemus.
2542 3137 2551 3142 ·

473 3295 515 3396 s}
555 3329 613 3387 Π.
651 3306 808 3386 Ni‘hii
841 3328 1106 3402 habebant
1126 3349 1252 3388 cum
1278 3329 1497 3398 Perseo,
1525 3346 1618 3389 aut
1639 3350 1765 3388 cum
1792 3330 1966 3390 Persei
2001 3329 2371 3412 Coi-genibus,
2392 3351 2547 3390 com·-

1141 3423 1307 3463 mune
1340 3405 1612 3463 Hannonis
1646 3405 1879 3464 Gorillae.

574 3594 830 3664 Perseo
858 3574 1163 3694 eoa-vum
1189 3593 1400 3667 fuisse
1430 3599 1811 3691 suspicatus
1851 3615 1990 3687 est,
2026 3599 2222 3691 quod
2240 3593 2543 3695 Gorgo-

389 3695 392 3702 ’
469 3699 580 3768 nis
607 3722 650 3768 a
677 3695 932 3770 Perseo
972 3700 1382 3770 detruncatae
1421 3701 1769 3772 historiam
1812 3723 2093 3776 omnem
2140 3697 2225 3770 ab
2264 3697 2537 3770 hirsutis

548 3913 565 3938 ·
589 3900 670 3964 De
687 3905 959 3982 magnitud
992 3903 1167 3966 Carth.
1190 3926 1245 3982 p.
1269 3922 1358 3980 52.
