2809 4642
473 301 512 366 8
523 301 562 366 8
979 301 986 308 “
1032 313 1404 366 anu-otus
1454 311 1969 366 nis-senune

467 421 848 487 ostendunt
871 415 1132 484 Melam
1165 415 1332 486 alios
1365 437 1675 484 rumores
1704 434 2013 486 secutum
2042 415 2286 494 finisse,
2320 423 2533 506 quam

465 519 808 612 periplum
847 516 1313 610 huncipsun13
1342 517 1485 584 imo
1525 515 1755 586 forsan
1798 517 1968 586 illud
2008 535 2169 610 post
2194 519 2534 588 excidium

467 623 950 690 tantummodo
975 619 1413 713 Carthaginis
1436 617 1766 688 Romanis
1788 620 2191 688 innotuisse.
2218 617 2359 688 Cui
2372 645 2538 690 con-

352 728 359 732 ’
466 723 738 813 jecturae
784 723 938 791 satis
975 720 1210 790 favent
1263 721 1401 788 haec
1452 719 1707 788 Plinii·
1766 721 1972 790 verba
2003 724 2089 789 de
2126 721 2529 798 Hannone:

468 824 886 916 Duarumque
915 823 1271 918 Gorgonum
1296 838 1491 900 cutes,
1519 828 1864 918 argumenti
1890 842 1952 891 et
1978 824 2270 892 miraculi
2286 831 2533 921 gratia,

467 931 535 992 ‘in
561 927 835 995 Junonis
867 925 1094 1018 templo
1114 927 1360 1017 posuit,
1385 940 1709 1018 spectatas
1740 947 1929 1018 usque
1958 925 2052 992 ad
2078 925 2533 1024 Carthaginem

471 1045 745 1121 captam.

1065 1183 1113 1240 S.
1149 1175 1260 1230 ΧΠ.
1299 1175 1400 1231 Res
1419 1177 1602 1232 eadem
1625 1176 1945 1252 disquiritur.

579 1367 836 1437 Pariter
862 1369 1103 1469 ignota
1131 1367 1259 1439 fuit
1293 1369 1594 1436 narratio
1617 1369 1753 1437 haec
1798 1387 2026 1436 nostra
2056 1369 2283 1439 Plinio
2314 1369 2378 1451 ἓ,
2412 1373 2539 1463 qui

479 1469 1015 1562 Xenophontem
1042 1472 1270 1563 potius
1300 1470 1811 1560 lampsacenum
1830 1519 1847 1549 ‚
1875 1488 1950 1538 ut
1983 1471 2279 1553 videtur,
2304 1492 2537 1566 aucto-

477 1595 619 1640 rem
649 1591 922 1640 secutus
964 1591 1102 1640 erat
1125 1569 1176 1639 ³.
1227 1568 1555 1637 Ceterum
1587 1594 1746 1637 cum
1783 1569 2047 1640 fastidio
2075 1573 2360 1641 inauditi
2386 1576 2542 1644 viro

478 1692 577 1741 tot
609 1677 693 1740 de
733 1673 1105 1740 Hannonis
1131 1671 1374 1738 itinere
1410 1694 1741 1740 rumoreS.
1784 1672 1868 1741 Et
1898 1675 2224 1766 primum,
2268 1675 2537 1770 longis·

480 1776 649 1842 sime
681 1792 746 1840 et
775 1774 972 1868 quasi
1012 1774 1084 1838 in
1121 1769 1467 1852 infinitum
1499 1823 1516 1852 ,
1566 1773 1691 1840 iter
1723 1773 1893 1856 illud
1934 1777 2278 1867 producit,
2312 1801 2532 1868 quum

481 1879 668 1966 apud
715 1899 872 1942 eum
914 1874 1373 1942 transvehatur
1411 1898 1454 1941 a
1503 1872 1803 1944 Gadibus
1841 1877 1938 1942 ad
1949 1877 2150 1966 finem
2191 1878 2450 1948 Arabioe
2476 1876 2532 1950 4.

481 1977 601 2045 Ait
629 1975 888 2044 Plinius
920 1976 1194 2066 quidem
1237 1973 1661 2043 Hannonem
1699 2001 1885 2046 suam
1927 1984 2377 2073 navigationem
2398 2007 2540 2074 pro-

427 2151 430 2156 ,
481 2078 724 2170 didisse
755 2083 980 2169 scripto
1001 2075 1022 2121 ³
1045 2102 1068 2154 ,⁰
1103 2074 1260 2144 alibi
1287 2063 1315 2105 ⁶
1345 2103 1361 2142 t
1375 2078 1561 2168 fuere
1592 2095 1655 2146 et
1680 2083 2023 2150 Hannonis
2051 2079 2541 2180 Carthaginien-

481 2185 647 2247 sium
680 2181 855 2248 ducis
892 2183 1343 2248 commentarii.
1379 2230 1395 2246 .
1432 2176 1585 2248 'Sed
1614 2181 1728 2249 ille
1772 2204 1915 2248 non
1956 2184 2079 2250 hos
2111 2203 2536 2253 commenta-

485 2277 622 2350 rios
676 2305 882 2350 manu
939 2298 1367 2360 tractaverat,
1424 2301 1497 2349 ut
1542 2302 1685 2349 tum
1731 2284 2067 2374 permulta
2110 2286 2141 2330 7
2191 2309 2331 2353 rem
2379 2292 2537 2356 satis

485 2385 868 2463 declarant,
928 2399 1071 2450 tum
1137 2385 1328 2472 quod
1357 2433 1374 2464 ,
1430 2383 1684 2452 fatente
1749 2386 1899 2476 ipso
1924 2373 1951 2417 ⁸
1972 2435 1991 2466 ,
2048 2385 2535 2480 Xenophontis

485 2485 900 2576 lampsaceni
929 2485 1400 2553 'testimonium
1442 2509 1521 2552 ac
1550 2484 1783 2566 verba,
1817 2487 1949 2556 nisi
1981 2511 2131 2555 cum
2162 2487 2300 2557 fide
2327 2492 2538 2558 admi-

485 2587 681 2667 serit,
719 2606 788 2656 at
825 2586 1059 2655 saltem
1084 2587 1541 2679 exscripserit.
1580 2583 1907 2656 Ceterum
1953 2611 2024 2656 ea
2060 2592 2207 2682 ipsa
2246 2591 2533 2658 multum

483 2687 749 2756 Plinius
761 2686 1059 2769 foedavit,
1085 2712 1233 2780 quae
1257 2689 1523 2780 periplo
1550 2707 1788 2759 nostro
1810 2690 2178 2760 concinere
2199 2694 2534 2762 videntur.

485 2787 672 2875 Nam,
698 2791 794 2860 sic
831 2789 947 2858 ille
970 2791 999 2837 ⁹
1034 2815 1050 2856 ι
1083 2795 1450 2858 Penctravit
1483 2795 1547 2858 in
1579 2814 1690 2859 eas
1727 2791 2055 2882 (insulas)
2096 2797 2367 2866 Hanno.
2403 2848 2420 2864 .
2452 2847 2471 2864 .
2503 2846 2523 2866 .

473 2893 871 2986 prodiditque
895 2893 1066 2960 hirta
1081 2893 1467 2982 fiminarum
1504 2917 1783 2986 corpora,
1817 2899 1973 2963 viros
1994 2901 2363 2986 pernicitate
2390 2922 2535 2967 eva-

431 3065 434 3070 ,
484 2999 662 3063 sisse.
684 2994 778 3063 At
805 2995 996 3062 aliter
1026 2991 1284 3058 Hanno
1303 2993 1372 3058 in
1399 3012 1634 3062 nostro
1670 2995 1937 3088 periplo
1963 2997 2050 3076 ¹⁰,
2088 3022 2289 3089 quem
2315 3000 2531 3069 solum

401 3095 408 3106 ’
487 3097 824 3187 antiquius
864 3093 1066 3163 fuisse
1108 3095 1314 3161 multa
1354 3099 1641 3168 suadent
1676 3121 1690 3162 ε
1728 3094 2015 3172 dicimini
2056 3093 2152 3180 «ἃ,
2188 3095 2400 3190 ἅψας
2433 3095 2531 3183 μὶν

483 3199 777 3264 συλλαζιῒν
819 3195 883 3263 ἐκ
917 3189 1312 3279 {amiens-etv.
1346 3247 1362 3264 .
1397 3250 1413 3266 .
1449 3251 1467 3267 .
1508 3199 1767 3282 νινριΐχφς
1799 3192 1862 3264 Ᾰῖ
1902 3202 2056 3287 αξιῒς
2089 3255 2105 3270 .
2139 3254 2155 3271 .
2188 3252 2206 3270 .
2242 3255 2258 3271 .
2302 3205 2372 3273 id
2402 3192 2541 3282 est.

423 3331 429 3348 ·
477 3302 895 3393 persequendo
943 3303 1134 3366 virum
1169 3320 1388 3394 ¹capere
1426 3299 1623 3368 ullum
1666 3306 2068 3394 nequivimus.
2094 3356 2109 3371 .
2145 3357 2160 3372 .
2196 3358 2209 3372 .
2246 3307 2534 3400 fiminas

485 3421 691 3470 tamen
723 3421 862 3470 tres.

569 3578 584 3602 ¹
607 3573 727 3630 Lib.
751 3588 833 3638 Vl,
862 3592 980 3649 cap.
1003 3593 1090 3650 3¹.
1139 3603 1213 3615 —
1252 3575 1275 3601 ²
1295 3574 1464 3630 Aliter
1490 3574 1685 3648 judicat
1714 3574 1785 3630 cl.
1812 3576 2143 3644 Dodwellus‚
2170 3580 2223 3632 in
2250 3575 2448 3634 Dissen.
2468 3581 2544 3634 al

487 3650 661 3705 Hann.
679 3645 899 3712 §.XlX.
918 3668 970 3725 p.
976 3665 1016 3752 ἑ
1035 3669 1076 3704 1.
1117 3678 1189 3692 -—
1231 3643 1484 3704 ³Confer.
1508 3648 1607 3704 loc.
1630 3652 1721 3704 cit.
1760 3681 1833 3694 —-
1870 3647 1895 3686 ⁴
1913 3651 2049 3708 Ptin.
2076 3652 2106 3707 l.
2128 3666 2199 3715 11,
2224 3671 2270 3709 c.
2290 3661 2377 3724 67,
2397 3655 2538 3708 med.

487 3755 560 3766 --
599 3721 619 3758 5
643 3721 770 3779 Ibid.
835 3754 910 3763 —
1012 3721 1129 3778 Lib.
1156 3737 1214 3788 V,
1235 3742 1349 3801 cap.
1381 3747 1423 3778 ι.
1484 3755 1557 3764 -
1609 3730 1631 3763 7
1654 3718 1870 3781 Confer.
1896 3725 1991 3783 lib.
2014 3741 2072 3790 V,
2098 3745 2212 3803 cap.
2246 3749 2257 3777 ι
2287 3769 2299 3791 ,
2331 3728 2389 3780 «le
2410 3727 2542 3782 Lixo

485 3797 612 3852 urie.
672 3827 744 3840 -
797 3794 815 3829 ⁸
834 3795 950 3853 Lib.
975 3809 1057 3866 tv,
1087 3817 1134 3855 c.
1159 3816 1184 3873 3
1205 3819 1246 3853 t.
1287 3829 1357 3840 ·-·
1401 3803 1421 3838 ⁹
1446 3797 1573 3854 Loc.
1602 3817 1741 3873 supr.
1762 3799 1852 3854 cit.
1904 3831 1977 3844 —-
2040 3807 2088 3834 ¹⁹
2111 3799 2225 3858 Sub
2240 3797 2423 3858 finem.
2444 3817 2462 3870 J
