2809 4642
883 366 974 416 ιΝ
1031 334 1520 428 ΗΑΝΝΟΝΕΜ.
2202 378 2256 452 5

182 470 348 536 hisce
381 467 762 537 Hannonis
810 468 1228 539 mulierculis
1277 491 1631 538 emanasse
1680 471 2003 541 crederet.
2059 471 2141 540 ld
2186 474 2244 546 si

185 592 438 653 verum,
485 572 580 639 sic
606 568 981 639 Hercule
960 594 1114 663 ipso
1148 568 1387 643 fuisset
1416 571 1785 663 antiquior.
1819 573 2032 643 Unde
2072 598 2243 671 ergo

185 672 420 741 mentio
437 670 958 741 Columnarum
977 672 1522 743 Herculearum
1500 698 1576 742 m
1605 674 1759 766 ipso
1780 676 2082 769 periplo,
2064 684 2083 716 '
2103 676 2245 745 Ali-

185 790 336 865 quot
349 776 832 869 certeepochis
856 774 1156 843 Hercule
1181 776 1640 868 antiquiorem
1660 775 2000 848 Perseum
2011 797 2248 848 censet

185 872 546 953 Clementis
569 876 1028 947 Alexandrini
1047 878 1679 969 Thrasyllus¹.1mo
1716 904 2049 972 proavum
2075 880 2251 951 Her·-

160 1040 165 1043 .
187 979 335 1047 culis
365 998 763 1050 maternum
789 977 953 1049 facit
972 979 1328 1050 Diodorus
1343 982 1398 1049 ².
1424 979 1558 1051 Sed
1582 979 1918 1066 GorilIaS,
1957 976 2247 1053 hirsutas

186 1081 366 1151 hasce
388 1082 715 1151 mulieres
733 1132 752 1164 ,
780 1081 1151 1175 appellatas
1172 1100 1451 1153 testatur
1472 1083 1799 1153 Hann0³.
1823 1084 1993 1155 Non
2017 1104 2250 1156 tamen

101 1212 106 1222 ·
188 1183 368 1253 habet
401 1208 566 1254 cum
612 1180 1036 1281 Gorgonum
1087 1187 1374 1256 nomine
1420 1182 1626 1257 affine
1673 1189 2029 1280 quidpiam
2076 1188 2251 1258 illud

188 1308 464 1369 nomen,
496 1304 577 1355 ut
605 1287 876 1356 censuit
896 1288 1002 1356 vir
1029 1289 1491 1357 doctissimus·
1524 1285 1823 1358 Gorillas
1848 1289 1997 1359 illas
2027 1292 2257 1383 appel-

193 1385 438 1469 labant,
469 1413 622 1457 non
646 1386 899 1469 Graeci,
933 1412 1024 1456 ne
1047 1390 1329 1480 quidem
1351 1387 1607 1459 Poenus
1630 1390 1780 1483 ipse
1808 1390 2104 1470 Hann0,
2132 1396 2283 1461 sed·

190 1489 584 1583 interpretes
612 1491 860 1560 Lixitae.
889 1490 1161 1561 Vocem
1187 1515 1358 1587 ergo
1383 1488 1619 1560 Afram
1648 1490 1861 1561 fixisse
1894 1494 2252 1562 verisimil-

66 1658 81 1669 ,
195 1590 430 1659 limum
470 1610 570 1661 est
613 1590 1074 1677 Gor-illarum,
1120 1617 1282 1663 cum
1335 1612 1565 1662 tamen
1604 1590 1843 1665 Graeca
1883 1595 1971 1664 sit
2015 1595 2256 1713 appel-

191 1693 345 1763 latio
398 1692 839 1792 Gorgonum.
897 1695 1051 1793 Ego
1102 1720 1189 1765 ne
1238 1696 1523 1788 quidem
1575 1720 1681 1765 res
1730 1696 1911 1789 ipsas
1958 1697 2256 1766 invicem

194 1791 418 1867 affines
442 1795 655 1866 fuisse
684 1798 1020 1890 suspicor.
1051 1798 1164 1867 De
1181 1797 1477 1890 pellibus
1501 1795 1921 1895 Gorgonum
1946 1800 2219 1872 hirsutis
2232 1850 2273 1887 ,

191 1900 345 1969 nihil
366 1900 749 1993 quicquam
771 1898 995 1969 Graeci
1023 1902 1425 1997 mythologi.
1451 1899 1562 1969 Ad
1582 1900 1807 1970 vultus
1829 1899 2255 1997 Gorgonum

191 2020 490 2093 spectant
526 2004 762 2072 omnia
790 2026 944 2094 quae
967 2003 1040 2072 in
1078 2001 1534 2121 Gorgonibus
1571 2003 1912 2072 horrenda
1937 2002 2259 2073 fabulan-

189 2120 288 2173 tur
323 2102 539 2174 fuisse
581 2123 822 2198 poetae.
861 2097 1115 2175 Vultus
1154 2106 1341 2175 enim
1389 2105 1673 2173 nomine
1708 2124 1918 2215 caput
1943 2106 2255 2199 comple-

189 2208 430 2277 ctimur
465 2208 908 2291 universum,
940 2211 1135 2299 quod
1179 2206 1401 2277 fecere
1432 2204 1649 2276 etiam
1662 2226 1946 2277 veteres.
1976 2205 2063 2277 Ει
2093 2232 2258 2277 sane

188 2309 268 2378 ab
308 2308 674 2381 oculorum
701 2310 1059 2393 acumine,
1110 2328 1178 2379 et
1217 2311 1447 2380 vultus
1493 2312 1837 2393 torvitate,
1880 2308 2263 2416 Gorgones

186 2413 546 2505 appellatae
563 2430 763 2496 sunt,
792 2436 946 2504 quae
971 2415 1119 2481 duae
1151 2431 1314 2482 sunt
1336 2415 1541 2502 hujus
1564 2414 1751 2482 vocis
1786 2417 1971 2505 apud
1997 2431 2261 2483 veteres

183 2512 764 2610 significationeS,
802 2515 974 2584 nihil
1003 2515 1330 2584 habentes
1361 2538 1737 2583 commune
1768 2538 1928 2583 cum
1962 2514 2261 2609 pellibus

183 2617 482 2687 hirsutis·
529 2614 640 2687 Sic
678 2618 975 2713 aegidum
1015 2612 1288 2700 πρρσωπ
1335 2618 1556 2709 prima
1599 2640 1721 2684 sua
1756 2612 2263 2713 significatione

184 2721 560 2790 denotabat
585 2743 720 2787 vox
751 2714 1036 2813 romine,
1075 2736 1156 2787 ut
1188 2743 1272 2787 ex
1306 2718 1652 2810 Hesychio
1685 2717 2067 2840 colligitur,
2102 2721 2265 2789 inde

181 2844 304 2913 pro
333 2824 511 2915 ipsis
542 2822 1002 2913 usurpabatur
1039 2820 1481 2913 clypeis.1ta
1493 2818 1729 2919 Γὸςγυαι
1760 2822 2091 2901 wamia
2112 2823 2267 2890 He-

183 2925 446 3015 sychio.
502 2918 600 2990 Τὰ
633 2918 874 3007 vemt&
924 2918 1195 3005 σώσαντα
1235 2924 1344 2991 vel
1383 2920 1769 3017 μορρωλῦκιια
1805 2925 2075 2991 auctori
2106 2927 2272 3017 Ety-

180 3024 480 3125 mologici
527 3032 764 3123 magni.
814 3025 1036 3111 Quod
1076 3028 1535 3120 tragoedorum
1587 3025 1803 3093 larvas
1850 3026 2271 3121 designarit,

183 3152 388 3198 usum
415 3128 616 3197 illum
642 3127 1156 3197 aDoriensibus
1181 3150 1536 3197 emanasse
1560 3128 1761 3195 docet
1778 3122 2041 3195 Suidas.
2066 3126 2277 3253 Γὸςγα.

188 3230 699 3329 (inquimmg
705 3226 752 3297 αὶ
801 3226 1080 3306 Δωρμῧοι
1125 3224 1198 3297 τὰ
1243 3258 1282 3296 τ
1327 3226 1636 3321 &expe-rw
1684 3231 2043 3309 wamia,
2090 3260 2130 3296 τ
2180 3228 2273 3297 xm)

184 3328 224 3400 ’ἶ
261 3334 499 3407 abone
527 3256 858 3419 τραγῳδῶν.
899 3330 1092 3399 Nihil
1123 3354 1292 3427 ergo
1328 3350 1433 3400 est
1467 3354 1747 3399 necesse
1777 3348 1857 3399 ut
1891 3356 1931 3399 a
1977 3332 2275 3402 barbaris

183 3438 373 3506 vocis
415 3432 622 3528 hujus
661 3434 1009 3530 originem
1053 3456 1513 3516 arcessamuS,
1548 3435 1746 3524 cujus
1779 3435 1977 3529 origo
2006 3452 2144 3501 tam.
2170 3433 2279 3503 fa-

181 3538 335 3607 cilis
363 3541 508 3633 peti
545 3554 786 3632 potest
827 3559 913 3606 ex
949 3557 1078 3603 usu
1109 3533 1360 3605 Graecae
1391 3535 1576 3605 vocis
1610 3535 1980 3627 inquilino.
2016 3534 2147 3605 Sed
2190 3560 2279 3605 ne

183 3641 469 3731 quidem
497 3643 678 3711 illud
706 3656 976 3716 certum
1002 3655 1132 3719 est,
1161 3636 1392 3707 Persei
1428 3636 1849 3729 temporibus
1873 3637 2044 3704 ullas
2073 3638 2283 3709 fuisse

263 3794 410 3871 ·.Ap
430 3794 606 3853 Clem.
633 3792 805 3851 Alex.
831 3788 1061 3849 stromat.
1085 3788 1132 3854 l,
1158 3810 1209 3865 Ρ
1237 3788 1369 3864 381,
1398 3790 1481 3844 ed.
1503 3788 1684 3846 Oxou.
1739 3817 1809 3831 --
1854 3787 2129 3847 ²Diorlor.
2155 3790 2184 3844 l.
2206 3804 2289 3855 lv,

187 3869 848 3948 p.151,D(c.9).-—
909 3863 1190 3930 Hanns
1222 3889 1286 3940 9
1310 3884 1364 3939 Ρ.
1389 3890 1455 3939 9,
1480 3864 1637 3920 Huds.
