2809 4642
1483 292 1517 311 f

446 382 476 429 ι
496 358 591 455 3⁶
942 380 951 387 ’
1104 448 1113 457 ι
1166 369 1806 428 Annona-roms
2377 438 2380 441 ⁴

438 475 783 541 collocatur
813 472 957 545 nav-²
987 464 1517 559 ssv'fldxctvast'vos,
1542 467 1712 556 quod
1740 467 1831 531 illi
1856 472 1943 533 sic
1966 471 2344 555 interpretati
2364 492 2477 533 sun
2497 483 2499 485 ’
2521 516 2540 543 ,

442 580 737 647 tanquam
777 563 828 621 si
864 557 1075 622 Cerne
1109 574 1275 621 recta
1307 579 1340 619 a
1384 560 1582 641 posita
1618 552 1772 619 esset
1792 553 2178 639 Carthagini.
2216 552 2345 617 Sed
2369 486 2544 618 aliutd

444 640 615 731 patet
635 668 709 708 ex
745 648 876 727 ipso
915 639 1235 705 Hannone
1263 668 1280 705 ε
1369 646 1480 705 icit
1521 645 1570 702 is
1599 638 1987 704 tantumdem
2016 639 2280 701 insulam
2315 639 2480 703 hanc
2509 664 2544 704 a

446 730 605 793 freto
629 726 1203 813 distare,'quan'tum
1225 724 1504 789 fretuma
1537 723 1932 809 Carthagine.
1971 722 2132 788 Κατ’
2163 718 2296 788 εόθδ
2341 722 2547 789 Graeci

450 815 673 879 dicunt
702 812 781 876 de
805 811 955 875 locis
981 816 1044 874 in
1078 810 1297 876 eodem
1324 816 1452 875 sitis
1482 808 1792 895 parallelo,
1833 808 1960 873 Sed
1997 827 2130 872 tum
2158 806 2325 871 foede
2349 808 2548 871 hallu-

352 942 369 962 .
452 905 689 964 cinatus
713 896 921 961 fuisset
951 898 1186 961 Hanno
1202 942 1223 972 ‚
1245 901 1576 981 vicinaque
1597 893 1935 958 admodum
1963 894 2118 958 freto
2143 910 2295 957 esset
2321 892 2552 958 Cerne.

450 984 855 1068 Quapropter
880 1001 1031 1066 puto
1067 984 1460 1065 interpretem
1501 1003 1627 1044 non
1661 997 1825 1044 recte
1861 1003 1937 1045 ex
1969 982 2200 1064 punico
2243 978 2372 1041 haec
2411 978 2553 1043 red·
2577 1014 2610 1041 κ

444 1068 705 1133 didisse.
734 1068 1095 1151 Utcumque
1117 1070 1282 1129 enim
1316 1067 1553 1129 Hanno
1579 1088 1704 1127 non
1731 1078 2014 1129 accurate
2037 1086 2178 1127 eum
2208 1085 2394 1147 quem
2424 1068 2554 1127 exi-

456 1157 729 1218 stimavit
766 1174 1004 1216 cursum
1031 1156 1323 1223 t'enuerit;
1370 1154 1514 1213 satis
1543 1168 1748 1213 tamen
1777 1153 2071 1233 exipsius
2105 1148 2307 1211 verbis
2346 1147 2556 1231 colligi

455 1255 700 1323 potest,
746 1259 871 1300 non
914 1236 1073 1298 adeo
1122 1254 1383 1309 errasse,
1441 1252 1510 1298 ut
1545 1234 1870 1318 AEthiopes
1911 1252 1972 1297 et
2020 1231 2559 1313 Carthaginienses

460 1322 783 1386 collocarit
810 1320 922 1384 sub
950 1319 1171 1385 eodem
1208 1320 1520 1405 parallelo.
1555 1318 1920 1382 Ptolemaeus
1951 1316 2224 1381 medium
2247 1318 2422 1381 ferire
2447 1340 2561 1379 vo-

458 1408 620 1484 luit,
661 1425 722 1470 et
754 1426 829 1469 ex
880 1405 1136 1468 adverso
1176 1406 1446 1469 Atlantis
1479 1408 1719 1485 majoris
1753 1408 1960 1488 posuit
2001 1400 2271 1466 Cernen.
2321 1400 2562 1463 Verum

462 1493 585 1555 hoc
612 1509 701 1555 est
724 1490 1035 1575 geminare
1056 1511 1316 1552 errorem
1338 1535 1357 1563 ,
1393 1493 1481 1550 sic
1517 1494 1684 1551 enim
1707 1510 1906 1573 neque
1929 1492 1994 1549 in
2023 1486 2244 1551 eodem
2271 1485 2564 1571 parallelo

464 1581 597 1641 sitae
632 1595 809 1640 erunt
839 1573 1072 1636 Cartha
1115 1595 1153 1636 o
1186 1591 1246 1636 et
1284 1572 1524 1650 Cerne,
1569 1596 1768 1659 neque
1800 1571 2016 1637 eadem
2063 1575 2176 1635 erit
2206 1571 2500 1635 distantia
2531 1594 2568 1633 a

465 1660 628 1724 freto
668 1658 1005 1723 Herculeo.
1056 1596 1223 1723 {ide
1258 1657 1398 1721 loca
1439 1658 1775 1743 Paiaephati
1815 1674 1878 1720 et
1915 1654 2192 1721 Diodori
2230 1655 2470 1732 Siculi,
2509 1673 2570 1718 et

468 1744 755 1825 fateberis
777 1741 936 1804 nihil
959 1747 1178 1805 certius
1200 1765 1358 1819 esse,
1377 1764 1563 1828 quam
1589 1764 1778 1828 nugas
1799 1741 1932 1805 illas
1949 1736 2130 1827 ‚qu‘as
2153 1740 2232 1803 cle
2255 1740 2573 1825 Gorgoni-

472 1830 589 1892 bus
619 1833 748 1892 sive
777 1826 1153 1911 Gorgidibus
1177 1876 1199 1904 ‚
1234 1832 1383 1892 item
1415 1827 1495 1890 de
1519 1826 1942 1891 Amazonibus
1974 1826 2242 1911 Libyssis
2261 1825 2575 1901 scribunt,

459 1932 539 1987 let
563 1936 639 1978 ex
662 1912 785 1977 hoc
807 1926 932 1985 uno
958 1912 1293 1978 Hannonis
1322 1913 1467 1976 loco
1489 1934 1910 1997 promanasse,
1953 1928 2014 1975 et
2051 1934 2126 1975 ex
2161 1932 2328 1974 mera
2353 1909 2575 1973 confu-

474 2001 649 2061 sione
670 2002 994 2073 nominum
1007 1996 1248 2060 Cernes
1270 2013 1332 2059 et
1344 1998 1694 2081 Cercinnae.
1709 1997 1877 2063 Vide
1891 1996 2182 2061 Vossium
2195 1999 2283 2059 ad
2299 1996 2575 2077 Melam,

474 2106 537 2167 p.
563 2083 719 2161 208,
748 2102 902 2167 305,
942 2082 1066 2161 306
1086 2129 1105 2158 ,
1137 2102 1280 2167 309.
1302 2082 1514 2147 Huds.
2261 2157 2268 2165 ⁶

436 2200 443 2205 ·
567 2170 848 2232 Hannon
883 2168 978 2231 dit
1002 2166 1148 2252 qu'd
1183 2166 1371 2229 Cerne
1397 2168 1448 2229 il
1474 2188 1514 2228 a
1543 2165 1745 2231 έναΙιιέ
1768 2166 1829 2231 la
1862 2182 2025 2231 route
2052 2165 2212 2253 qu'il
2243 2168 2582 2249 avoitfhite

478 2256 685 2342 depuis
729 2252 811 2316 les
858 2250 1148 2315 Colonnes
1164 2250 1424 2337 jusqu’ci
1460 2250 1676 2315 Cerne':
1715 2251 1765 2316 il
1791 2252 1880 2315 l'a
1916 2252 2142 2316 trouve'e
2171 2249 2330 2335 egale
2369 2250 2408 2313 ὰ
2447 2248 2583 2316 celle

478 2338 641 2425 qu’il
677 2338 1016 2417 avoitfaite
1044 2340 1116 2399 de
1160 2336 1458 2421 Carthage
1488 2359 1614 2399 aux
1649 2336 1951 2401 Colonnes.
1991 2338 2180 2399 Mais
2210 2333 2274 2399 la
2313 2340 2584 2401 distance

386 2428 389 2435 '
480 2428 553 2487 de
594 2424 825 2488 Cartha
865 2444 891 2483 e
910 2444 1031 2485 aux
1058 2421 1349 2485 Colonnes
1378 2438 1464 2484 est
1482 2423 1781 2485 d'environ
1803 2442 1910 2507 ²5⁰
1943 2422 2119 2486 lienes
2138 2452 2168 2496 ‚·
2191 2418 2325 2485 celle
2354 2425 2456 2485 des
2476 2421 2586 2484 Co-

462 2509 688 2571 -lonnes
729 2507 769 2570 ὰ
807 2444 934 2568 Igne
957 2504 1148 2569 Fida!
1177 2508 1331 2570 n’est
1368 2530 1481 2591 que
1518 2509 1590 2569 de
1629 2507 1904 2570 621ieues
1927 2534 1949 2569 :
1990 2530 2084 2583 or,
2121 2503 2231 2568 s’il
2251 2506 2586 2593 etoit‘ques-

485 2597 612 2655 tion
633 2594 703 2655 de
725 2614 973 2653 mesures
992 2592 1363 2677 itineraires„
1388 2614 1538 2654 nous
1561 2592 1777 2653 serious
1804 2588 2186 2673 trBs-e‘loigne‘s
2216 2592 2397 2653 d'etre
2422 2592 2589 2656 ‹Vac-

489 2678 632 2741 cord
648 2698 784 2739 avec
815 2675 867 2737 Ie
889 2674 1125 2763 Periple
1128 2723 1297 2742 .....
1311 2677 1690 2739 Etablissons
1716 2698 1852 2739 avec
1872 2680 2168 2757 confiance
2190 2676 2589 2761 qu'Hannon

472 2788 561 2844 &ne
584 2784 644 2825 se
664 2762 1023 2841 sertjamais
1054 2763 1126 2823 de
1151 2769 1399 2824 mesur‘es
1435 2760 1760 2825 itine‘raires
1785 2784 1946 2845 pour
1968 2761 2198 2824 estimer
2224 2780 2298 2823 sa
2328 2762 2586 2827 marche.

415 2906 417 2909 ,
491 2847 755 2929 L’usage
784 2843 1083 2909 d'evaluer
1106 2867 1177 2909 en
1211 2848 1408 2909 stades
1443 2845 1505 2909 Ia
1539 2868 1737 2911 course
1752 2848 1853 2908 des
1877 2847 2188 2909 vaisseaux
2213 2868 2286 2907 ne
2315 2845 2462 2909 s'est
2493 2848 2592 2909 in-

492 2933 716 2995 trodait
734 2932 1009 3017 qu'aprbs
1030 2930 1137 2993 lui.
1170 2928 1283 2995 Les
1306 2931 1546 2992 anciens
1572 2932 1969 3015 navigateurS,
1994 2928 2075 2993 les
2094 2930 2334 2993 anciens
2351 2928 2594 2994 auteurs

492 3020 592 3078 des
608 3013 891 3104 periples,
926 3037 989 3077 se
1013 3016 1401 3077 contentoient
1424 3016 1494 3077 de
1513 3036 1782 3102 marquer
1796 3015 1849 3078 le
1869 3014 2104 3077 nombre
2121 3018 2194 3079 de
2207 3018 2385 3097 jours
2404 3017 2596 3102 qu’on

494 3100 683 3187 emplo
719 3103 807 3163 oit
822 3123 980 3186 pour
993 3096 1143 3162 aller
1161 3099 1310 3161 d’un
1339 3096 1456 3163 lieu
1482 3098 1521 3161 ἁ
1547 3124 1625 3164 un
1661 3117 1845 3163 autre.
1876 3100 1975 3162 La
2002 3106 2255 3183 majeure
2279 3103 2480 3187 partie
2509 3103 2598 3164 du

484 3185 657 3271 perip
682 3206 713 3247 e
743 3187 815 3247 de
846 3182 1059 3267 Scylax
1084 3205 1155 3247 ne
1179 3185 1369 3247 donne
1386 3206 1584 3249 encore
1619 3183 1702 3247 les
1721 3186 2019 3249 distances
2038 3180 2506 3287 qu’enjourne'es
2523 3189 2600 3249 de

402 3292 412 3297 ·
494 3271 837 3353 navigation
856 3295 877 3329 .·
898 3286 961 3331 et
980 3267 1207 3353 lorsque
1216 3268 1500 3334 Hannon
1521 3273 1613 3332 dit
1633 3292 1744 3356 que
1761 3268 1948 3333 Cerne
1965 3270 2050 3332 lar
2063 3292 2104 3332 a
2117 3291 2276 3359 paru
2291 3268 2405 3334 e'tre
2425 3272 2600 3333 aussi

492 3352 741 3438 floignee
766 3356 867 3416 des
900 3352 1191 3416 Colonnes
1209 3378 1319 3440 que
1347 3355 1429 3420 les
1453 3354 1750 3418 'Colonnes
1783 3352 2042 3418 l'etoient
2070 3357 2141 3418 de
2179 3354 2481 3442 Carthage
2493 3402 2519 3434 ,
2549 3353 2606 3417 il

495 3441 603 3501 n’a
625 3436 803 3503 voulu
842 3441 967 3501 dire
1002 3454 1167 3502 autre
1202 3440 1406 3517 chose,
1446 3442 1618 3507 sinon
1655 3438 1815 3525 qu'il
1846 3440 2012 3512 avoir
2041 3438 2376 3527 employe‘le
2414 3440 2604 3503 me'me

497 3540 684 3609 temps
699 3547 863 3611 pour
885 3522 965 3585 les
986 3526 1136 3586 deux
1157 3528 1356 3607 trajets
1366 3556 1395 3600 ,·
1426 3527 1569 3588 c'est
1590 3526 1886 3613 pom-quoi
1911 3524 1960 3587 il
1977 3528 2176 3606 ajoute
2191 3539 2302 3613 que
2320 3524 2407 3589 les
2430 3524 2606 3589 deux

492 3612 882 3691 'navigations
915 3606 1149 3671 etoient
1189 3608 1407 3693 egales.

588 3693 701 3756 Du
740 3710 923 3781 temps
960 3694 1031 3755 de
1056 3692 1269 3783 Scylax
1278 3742 1303 3773 ,
1342 3718 1414 3757 on
1437 3694 1694 3758 &valavit
1721 3694 1762 3756 ὰ
1792 3698 1988 3761 douze
2003 3696 2181 3776 j'ours
2209 3692 2270 3758 Ie
2291 3701 2468 3780 trajet
2499 3696 2608 3757 des

507 3774 794 3841 Colonnes
839 3777 879 3841 ἁ
932 3776 1241 3861 συντέμω
1279 3778 1317 3840 ὰ
1354 3798 1482 3867 sept
1505 3785 1678 3863 jours
1711 3796 1764 3843 et
1799 3797 1924 3867 sept
1957 3781 2150 3858 nuits,
2193 3804 2272 3843 ou
2315 3796 2616 3867 quatorze
