2809 4642
939 352 1030 406 1N
1083 351 1579 410 naumann.
1754 405 1759 414 ,
2096 425 2101 436 Ι
2196 365 2281 436 33

219 479 312 524 ne
341 457 496 548 ipse
526 457 772 524 eodem
795 456 1080 526 crimine
1103 473 1480 539 teneretur,
1516 458 1805 550 quadiu
1838 439 2289 539 Eratosthene

217 559 768 652 reprehenderat.
791 557 926 628 Sed
953 560 1072 629 has
1105 560 1288 652 ipsas
1323 580 1613 654 quoque
1651 556 2051 632 Phoenicum
2094 564 2287 636 navi·-

219 660 536 755 gationes
555 710 573 740 ‚
591 683 764 750 quas
789 661 1208 752 objiciendas
1225 666 1499 734 censuit
1516 711 1539 744 ,
1568 663 1719 756 ipse
1734 686 2019 756 quoque
2041 661 2285 738 Strabo

213 762 438 830 dubiae
461 760 624 832 fidei
661 763 870 834 fuisse
901 766 1172 846 innuit,
1217 769 1384 836 dum
1424 768 1557 835 hoc
1612 767 1765 858 ipso
1816 765 2281 859 10c0,quem

211 865 498 934 adduxit
539 865 636 934 cl.
687 865 1052 950 Vossius,
1071 868 1168 938 ita
1215 869 1421 941 habet
1444 917 1463 950 ,
1530 863 1577 948 εἰ
1635 864 1749 961 23⁸?
1804 863 2116 956 προέχειν
2156 873 2283 945 τοῖς

202 961 564 1052 mmm-one:
601 970 767 1036 dnm
823 971 1024 1042 etiam
1080 968 1286 1040 fidem
1328 972 1715 1054 Punicam,
1742 971 1816 1054 in
1860 973 1989 1042 hac
2032 995 2277 1057 causa,

203 1088 614 1161 suspectam
641 1069 820 1142 facit.

189 1241 280 1320 ,52
291 1255 439 1316 XIV.
475 1257 692 1314 Didone
729 1262 1088 1336 antiquiorem
1116 1259 1505 1334 Carthaginem
1537 1254 1687 1317 fuisse
1716 1281 1821 1316 non
1865 1276 1941 1316 est
1974 1261 2277 1320 verisimile.

297 1429 626 1521 Tempus
649 1431 854 1519 hujus
880 1425 1128 1522 peripli
1156 1428 1535 1522 designavit
1567 1425 1831 1502 Plinius
1862 1433 2082 1500 verbis
2119 1437 2275 1503 satis

200 1529 608 1600 manifestis,
644 1521 891 1598 Alibi·
957 1527 1376 1625 Carthaginis
1418 1537 1706 1624 potentia
1761 1531 2024 1623 florente
2070 1533 2277 1604 fuisse

197 1632 478 1723 inquit;
529 1632 764 1720 alibi²,
814 1635 1084 1701 Punicis
1119 1632 1298 1701 rebus
1330 1633 1837 1725 florentissimis.
1870 1633 1953 1703 Et
1986 1633 2278 1704 Cartha-

187 1735 627 1831 giniensium
684 1733 960 1816 fuisse
986 1736 1042 1803 si
1080 1736 1230 1826 quis
1295 1758 1606 1826 unquam
1664 1733 1909 1819 fuerit,
1972 1737 2151 1806 hic
2128 1761 2277 1830 ipse

193 1841 408 1905 docet
472 1837 797 1932 periplus.
837 1785 1053 1906 Videt
1101 1857 1271 1932 ergo
1331 1837 1435 1906 vir
1489 1861 1817 1933 magnus,
1872 1861 2083 1941 quam
2132 1841 2273 1910 haec
2336 1928 2342 1938 ι
2394 1889 2399 1896 -

185 1963 358 2007 cum
408 1941 553 2008 suis
601 1957 995 2036 pugnarent
1045 1939 1578 2032 hypothesibus,
1639 1941 1696 2009 si
1763 1943 1851 2008 de
1902 1943 2177 2016 condita
2232 1967 2275 2012 a

190 2041 480 2111 Didone
505 2040 928 2140 Carthagine
952 2042 1523 2136 intelligerentur.
1550 2041 1792 2134 Itaque
1816 2033 2213 2136 Appianum
2238 2043 2262 2092 ³

187 2143 430 2238 potius
471 2145 890 2234 audiendum
937 2143 1334 2226 arbitratur,
1376 2145 1499 2234 qui
1542 2146 1830 2236 primam
1874 2145 2055 2214 urbis
2108 2143 2267 2218 fun·-

187 2248 542 2316 dationem
562 2247 788 2338 Trojae
803 2231 1067 2332 excidio
1081 2269 1166 2314 an
1176 2247 1279 2315 nis
1298 2265 1340 2313 ι.
1358 2247 1815 2338 antiquiorem
1841 2248 2263 2318 existimavit.

182 2345 334 2418 Sed
375 2371 464 2434 ne
511 2339 788 2442 quidem
834 2349 950 2418 illa
987 2371 1273 2442 quoque
1314 2343 1601 2417 sufficiet
1635 2351 1876 2446 orig0‚
1925 2369 2002 2420 ut
2034 2349 2267 2421 Persei

189 2428 761 2546 Gorgonumque
799 2469 1107 2544 tempora
1145 2451 1408 2520 Hanno
1455 2451 1769 2548 attigerit.
1823 2452 2139 2535 Auctor,
2190 2456 2263 2522 ni

187 2551 433 2637 fallor,
477 2553 800 2646 Appiano
828 2571 1006 2636 erat,
1048 2556 1138 2622 ita
1180 2555 1305 2622 ‘cur
1346 2554 1658 2633 sentiret,
1694 2551 2013 2630 Philistus
2064 2553 2258 2646 Syra-

179 2679 533 2740 cusanus,
603 2655 942 2746 Dionysio
988 2656 1238 2725 seniori
1287 2677 1594 2735 coaevus,
1654 2678 1783 2747 pro
1826 2659 2033 2746 cujus
2103 2680 2258 2728 sen-

176 2760 404 2846 tentia
433 2758 770 2828 Eusebius
796 2755 1238 2854 Carthaginis
1268 2774 1485 2825 ortum
1528 2759 1613 2825 ad
1642 2778 2007 2827 numerum
2054 2781 2255 2829 suum

181 2861 423 2928 retulit
449 2861 788 2931 Dccclv
795 2857 1122 2950 ”KTrojae
1154 2878 1380 2928 autem
1408 2859 1788 2928 excidium
1769 2883 1917 2953 ipse
1942 2859 2143 2930 refert
2172 2867 2260 2956 ad

184 2985 560 3060 numerum
579 2964 1115 3036 Dcccxxxv¹²'”.
1137 2961 1237 3031 Ita
1255 2961 1551 3056 spatium
1566 2981 1902 3031 annorum
1927 2947 2261 3036 duntaxat

183 3083 391 3135 ΧΧΧι
426 3065 896 3166 intercesserit.
933 3063 1163 3151 'Hunc
1208 3087 1378 3159 ergo
1424 3065 1509 3132 si
1548 3061 1855 3133 habuerit
1906 3069 2258 3138 sententiae

185 3156 332 3234 suae
390 3159 758 3260 patronum
823 3145 1228 3260 Appianas,
1275 3167 1372 3233 sic
1411 3166 1534 3235 erit
1584 3186 1707 3236 cur
1749 3167 1993 3236 merito
2051 3169 2258 3246 dubi-

184 3281 416 3352 temus
439 3320 460 3352 ,
505 3271 781 3339 recten'e
820 3269 936 3338 ille
979 3270 1386 3339 sententiam
1425 3269 1716 3337 auctoris
1745 3269 1855 3341 sui
1880 3269 2255 3363 repraesen-

182 3373 364 3448 tarit.
383 3365 618 3464 Atqui
649 3360 845 3440 Xoro
865 3372 1208 3468 originem
1239 3371 1422 3440 illam
1458 3369 1691 3439 tribuit
1722 3388 1857 3442 tam
1890 3372 2253 3467 Appianus

181 3474 388 3566 ipse,
429 3497 686 3570 quam,
741 3498 781 3542 e
809 3470 1077 3544 Philisti
1134 3475 1239 3544 sui
1278 3475 1653 3556 sententia,
1714 3473 2083 3555 Eusebius3
2139 3479 2253 3544 cui

186 3575 455 3644 socium
497 3579 822 3673 adjungit.
856 3572 1192 3648 Eusebius
1234 3575 1783 3647 Carchedonem.
1836 3575 2065 3646 Xorus
2126 3579 2254 3646 iste

185 3681 302 3748 Vix
337 3697 440 3748 est
499 3705 622 3749 cur
669 3677 1062 3752 dubitemus
1116 3681 1290 3772 quin
1337 3679 1543 3748 fuerit
1582 3679 1877 3769 Tyrius3
1928 3697 1996 3748 et
2046 3677 2253 3769 plane

235 3840 280 3889 ,³
302 3831 442 3892 Ptin.
465 3829 594 3891 Nat.
613 3831 753 3891 Hist.
774 3846 809 3890 n
823 3875 838 3901 ,
860 3835 950 3908 67.
987 3863 1059 3875 ——
1104 3837 1128 3864 ²
1155 3831 1279 3890 lbid.
1299 3846 1355 3897 V,
1379 3852 1424 3890 ι.
1462 3859 1537 3875 --·
1582 3829 1603 3870 3
1632 3829 1859 3910 Appiam.
1880 3828 2046 3886 Punic.
2074 3845 2088 3885 1
2100 3873 2120 3904 ,
2138 3832 2254 3892 init.

1856 3944 1901 3996 C
