2809 4642
994 318 1089 373 IN
1142 312 1644 371 HANNONEM.
2013 350 2021 361 .
2228 322 2250 367 ι
2273 322 2366 391 37

259 416 441 499 jours
490 412 763 491 environ,
802 412 949 477 celui
982 416 1055 478 de
1080 416 1381 502 Carthage
1408 437 1538 479 aux
1582 411 1873 477 Colotmes
1913 436 1936 473 .·
1969 426 2026 476 et.
2059 434 2279 477 comme
2305 412 2370 477 la

266 499 622 583 navigatiort
645 500 907 585 pendant
928 497 991 563 la
1015 501 1182 579 nuit,
1210 500 1510 587 lorsqu’on
1533 500 1686 563 n'est
1711 519 1832 586 pas
1849 496 2078 603 §loigne‘
2101 500 2171 562 de
2192 514 2368 576 terre,

268 601 357 645 est
378 581 527 671 plus
552 582 705 647 lente
735 608 844 671 que
870 588 1137 671 pendant
1170 587 1223 649 le
1227 590 1403 667 jour,
1439 585 1522 649 les
1539 587 1692 647 deux
1720 601 2024 649 πανακὲς
2046 586 2369 670 pouvoient

272 666 537 753 paroitre
573 667 901 757 ‹i-peu-prbs
930 668 1135 756 §galea
1178 668 1482 736 Gossellin
1521 672 1650 750 (a).

310 750 527 815 --Illud
555 753 633 816 cl.
669 758 787 816 viri
817 758 1301 839 interpretationi
1326 753 1612 818 additum
1641 752 1828 818 velim
1845 799 1868 829 ,
1899 750 2181 815 eamdem
2209 768 2370 815 tem-

232 914 237 919 ¹
264 841 429 919 poris
452 861 799 902 mensuram
828 844 892 901 in
918 858 1177 925 utroque
1198 840 1432 925 periplo
1458 843 1704 924 reperiri
1724 860 1918 923 posse.
1947 836 2174 921 Scylax
2201 840 2364 899 enim

267 919 399 985 dies
418 940 753 1009 noctesque
773 920 1183 1009 navigationis
1206 943 1276 988 ut
1289 926 1500 1011 paullo
1515 930 1772 1009 impares
1791 922 1974 985 distin
2023 926 2142 998 uit;
2158 939 2223 984 at
2240 919 2369 984 diei

267 1011 667 1090 navigatione
702 1028 981 1095 quatuor·
1006 1028 1066 1074 et
1098 1014 1321 1093 viginti
1358 1010 1537 1073 horas
1573 1012 1864 1083 omnino,
1891 1012 1957 1069 ni
1982 944 2202 1082 {allon
2234 1028 2370 1067 am-

268 1091 565 1173 plectitur
588 1094 823 1159 Hanno
841 1096 965 1178 (b).
994 1097 1165 1157 Nam
1193 1095 1410 1157 debuit
1429 1116 1587 1178 saepe
1612 1092 2222 1177 Carthaginiensium
2239 1090 2371 1155 dux

264 1174 345 1237 ad
373 1175 521 1240 litus
558 1178 897 1263 adpellere,
925 1180 1097 1243 locos
1124 1178 1418 1261 indagare
1436 1224 1456 1251 ‚
1479 1178 1887 1259 exploratores
1911 1182 2151 1239 mittere
2172 1182 2202 1253 ;‘
2227 1196 2368 1260 quae

261 1278 509 1325 moram
546 1266 603 1327 ei
648 1262 1026 1326 adtulerunt.
1072 1261 1283 1323 Unius
1307 1266 1494 1343 igitur
1525 1259 1649 1322 diei
1686 1265 2142 1343 navigationem
2167 1264 2366 1344 expri-

260 1364 479 1409 mente
492 1348 837 1420 Hannone,
858 1346 1018 1407 illud
1030 1343 1505 1428 intelligendum
1523 1360 1610 1405 est
1633 1343 1710 1406 de
1726 1345 2045 1408 intervallo
2060 1344 2227 1429 quod
2246 1362 2367 1409 toto

257 1432 357 1493 die
379 1434 749 1508 transiisset,
787 1435 835 1491 si
852 1434 1153 1493 continuo
1170 1433 1389 1492 itinere
1411 1432 1579 1491 viam
1609 1434 1984 1511 perrexisset.
2011 1428 2176 1489 Ill'ud
2200 1426 2366 1491 idem

257 1514 428 1576 mihi
450 1536 633 1599 *supra
658 1514 1022 1597 effingeham
1047 1519 1109 1577 in
1131 1516 1261 1576 n‘ot.
1294 1534 1387 1593 17.
1415 1512 1610 1575 Porro
1636 1534 1829 1598 quum
1856 1535 1958 1576 sex
1983 1510 2114 1575 dies
2138 1514 2370 1575 itineris

256 1596 724 1684 dimidiamque
748 1600 985 1661 Hanno
1002 1621 1065 1663 se
1094 1602 1496 1662 consumsisse
1527 1596 1695 1660 dicat
1713 1619 1790 1660 ex
1817 1596 2150 1660 Columnis
2177 1619 2368 1681 usque

254 1680 345 1743 ad
376 1681 631 1747 Cernen
656 1684 948 1760 insulam,
970 1689 1019 1746 si
1055 1684 1319 1747 totidem
1344 1700 1556 1746 noctes
1593 1687 1656 1744 in
1689 1680 1812 1745 hoc
1834 1679 2076 1745 diei-um
2108 1702 2368 1743 numero

255 1766 721 1851 complecteris,
742 1768 1041 1832 tredecim
1072 1768 1186 1831 tibi
1222 1786 1399 1831 erunt
1426 1767 1589 1842 dies,
1613 1770 1720 1851 qui
1747 1788 1889 1832 cum
1923 1766 2196 1849 Scylacis
2228 1788 2369 1850 sup-

257 1856 590 1935 putatione
626 1859 768 1915 satis
802 1871 1169 1935 congruunt.
1201 1852 1307 1917 Cf.
1339 1852 1646 1917 Ukertum
1675 1850 1796 1913 loc.
1824 1856 1930 1915 cit.
1962 1873 2023 1935 p.
2056 1872 2216 1939 297.v
2257 1846 2264 1861 ‘

345 1934 649 2001 Ceterum
680 1938 849 2001 lenta
882 1937 1224 2002 admodum
1255 1956 1384 2002 erat
1429 1940 1746 2021 navigatio
1780 1935 1938 1999 ultra
1985 1933 2368 2011 Columnas,

256 2035 321 2082 et
364 2022 565 2085 multo
609 2026 813 2085 minus
857 2022 1143 2107 expedita
1175 2046 1361 2108 quam
1393 2027 1454 2085 in
1497 2026 1737 2107 punicis
1779 2021 2084 2085 litoribus.
2136 2018 2365 2103 Scylax

202 2156 209 2161 .
258 2110 429 2173 enim
447 2151 468 2180 ‚
490 2111 598 2191 qui
629 2112 895 2191 spatium
918 2130 951 2170 e
978 2106 1371 2193 Carthaginis
1403 2126 1583 2193 portu
1611 2106 1690 2169 ad
1716 2104 2062 2172 Columnas
2095 2108 2366 2189 apprime

258 2194 553 2266 noverat¹,
584 2193 755 2276 quod
794 2197 882 2255 ait
920 2214 1045 2255 esse
1080 2211 1313 2278 septem
1334 2192 1576 2255 dierum
1598 2210 1660 2255 et
1682 2196 1991 2267 noctium,
2028 2190 2365 2253 duodecim

258 2272 509 2337 dierum
526 2280 637 2339 iter
655 2299 777 2341 esse
792 2280 1181 2363 supputat(c)
1194 2300 1230 2339 a
1246 2278 1578 2343 Columnis
1600 2275 1681 2339 ad
1697 2275 2056 2359 Cernen(d)
2075 2296 2366 2359 :quarum

242 2356 604 2443 ,duodecim
628 2360 861 2423 dierum
877 2409 897 2439 ,
928 2365 1185 2448 quinque
1194 2367 1337 2443 jam
1359 2378 1785 2427 consumuntur
1805 2379 1872 2425 ut
1900 2360 2204 2447 Gaditani
2215 2361 2366 2439 freti

260 2440 571 2529 longitudo
612 2462 953 2509 transeatur.
995 2446 1103 2510 Sic
1137 2446 1365 2532 Scylax
1390 2452 1550 2531 ipse,
1586 2446 1734 2511 dum
1766 2468 2092 2508 numerum
2120 2442 2363 2507 dierum

154 2574 157 2577 .
256 2524 387 2589 fere
424 2528 711 2593 eumdem
760 2530 972 2595 tribuit
1008 2530 1087 2595 de
1122 2553 1379 2617 utraque
1422 2534 1858 2614 navigatione,
1898 2534 2130 2593 itineris
2152 2550 2363 2593 veram

254 2610 716 2697 longitudinem
757 2622 1017 2679 omnino
1058 2622 1361 2699 imparem
1396 2638 1526 2681 esse
1565 2638 1675 2679 nos
1704 2634 1934 2680 monet.

344 2714 449 2778 33.
494 2692 654 2781 ἐῴκει
692 2696 796 2783 ,dp
832 2702 861 2761 ὅ
900 2701 1081 2784 maiis]
1126 2700 1359 2763 Similis
1404 2718 1532 2765 erat
1563 2704 1912 2787 navigatio,
1959 2722 2070 2785 pro
2095 2698 2364 2785 aequalis.

259 2780 501 2848 Gesner.
565 2810 570 2817 ·
2311 2792 2316 2799 ’

345 2872 446 2949 34.
491 2862 605 2933 Διαῖ
638 2894 769 2937 τινος
802 2870 1016 2950 vin-tufa?
1054 2863 1309 2955 μεγῖλου
1340 2864 1792 2953 ὢαπλεᾶσανπς]
1828 2870 1890 2933 Α
1938 2872 2024 2935 νὲε
2055 2872 2222 2934 avoir
2245 2889 2364 2933 tra·

256 2952 410 3014 ‘verse‘
447 2952 875 3023 l’embouchure
916 2956 1089 3039 d'un·
1100 2960 1300 3042 grand
1320 2959 1546 3039 fleuve,
1597 2956 1832 3019 nomme!
1936 2954 2154 3031 hreteS,
2194 2954 2361 3019 Gos-

250 3034 441 3101 sellia.
496 3064 529 3103 e
564 3086 580 3101 .
678 3084 685 3099 .
1206 3088 1213 3095 .
1267 3093 1274 3100 .
1517 3084 1524 3092 .

337 3141 442 3205 35.
466 3040 741 3209 [ἐρέτης]
770 3124 1129 3211 Legendum
1156 3145 1307 3211 puto
1346 3111 1395 3209 (Ξ
1411 3118 1578 3206 ὄνομα
1613 3122 1924 3211 Χρεμέτκς,
1963 3130 2111 3210 quia
2159 3125 2366 3189 Chrete

252 3212 447 3269 amnis
483 3208 666 3292 plane
704 3227 794 3273 est
832 3215 1096 3294 ignotus.
1133 3214 1223 3276 At
1266 3210 1345 3275 de
1390 3210 1723 3277 Chremete
1761 3209 1990 3273 Africae
2034 3210 2228 3273 fluvio
2279 3208 2360 3272 ad

256 3290 583 3357 Oceanum
600 3341 617 3369 ,
635 3294 767 3358 haec
784 3294 1145 3360 Aristoteles
1164 3294 1255 3381 (f)
1282 3296 1358 3359 de
1382 3301 1662 3360 maximis
1686 3294 1900 3381 Libyae
1916 3296 2121 3359 fluviis
2136 3316 2319 3376 agens
2340 3319 2358 3356 ε

254 3376 297 3437 oi
322 3374 386 3439 est*
409 3372 647 3461 ,ulydiae
680 3377 781 3442 πῖν
807 3380 1284 3461 δᾶωνομισμένων,
1323 3372 1357 3442 δ’
1384 3408 1436 3445 π
1475 3376 1764 3462 Χρεμέτης·
1798 3376 2138 3461 καλάμινος,
2187 3376 2246 3446 ⁰⁶5
2280 3378 2361 3449 εἷς

252 3454 339 3527 rn‘v
362 3452 480 3548 ἔξω
514 3460 598 3549 ρ’ἐῖ
637 3452 931 3537 θέλοι-ἥσω),
971 3465 1025 3555 15}
1052 3465 1109 3531 ἐῢ
1152 3465 1321 3529 Νεῖλε
1357 3463 1414 3529 ‘ni
1440 3466 1623 3549 ῥεῦμα
1664 3462 1717 3529 ‘ni
1747 3465 2004 3546 roff-m,
2052 3462 2356 3528 celebrium

304 3652 371 3704 (a)
399 3650 503 3693 Loe.
522 3620 593 3694 cit.
618 3666 713 3709 pag.
732 3654 809 3708 84,
826 3654 897 3708 87.
1396 3656 1466 3709 (d)
1494 3657 1592 3710 Pag.
1611 3668 1660 3711 53
1675 3687 1689 3706 ‚
1723 3656 1862 3698 Huds.

254 3757 259 3763 .
302 3706 365 3761 (b)
390 3710 525 3751 Cons.
547 3721 630 3751 nor.
650 3712 793 3754 Vossii
818 3713 870 3753 ad
892 3714 1048 3769 Scylac.
1072 3713 1155 3755 sub
1184 3714 1258 3755 fin.
1392 3714 1458 3766 (e)
1485 3712 1586 3757 Loc.
1605 3717 1676 3756 eit.
1696 3726 1788 3768 pag,
1815 3713 1898 3769 85..

256 3762 451 3806 Acarnan.
1394 3772 1456 3824 (t)
1486 3770 1749 3823 Meteorolog,
1765 3770 1841 3817 lib.
1863 3780 1878 3811 ι
1893 3797 1908 3818 ,
1928 3777 2019 3821 cap.
2041 3778 2056 3805 ι
2066 3777 2103 3821 3.

304 3820 359 3873 (c)
387 3824 485 3879 Pag.
508 3837 579 3879 51,
598 3824 733 3866 Huds.
764 3876 773 3885 ι
