2809 4642
795 206 800 214 ’
891 252 922 259 ··
977 240 1064 293 m
1124 240 1562 294 senam-zm.
1997 228 2000 233 ’
2158 224 2291 315 381

223 354 338 417 quo
378 338 716 402 Acarnanes
757 340 944 411 etiam
987 339 1150 403 hunc
1193 340 1398 401 locum
1435 336 1583 400 olim
1630 335 1919 399 tenebant
1961 338 2104 421 (a);
2150 335 2305 416 adji-

224 423 418 503 citque
455 441 664 485 aucto-1·
703 422 896 498 idem,
943 422 1264 496 Leucada,
1309 423 1653 486 Corinthiis
1700 420 2009 483 ademtam
2038 469 2059 498 ,
2088 422 2303 485 Acar-

130 556 142 566 ,
223 505 476 567 nauibus
516 512 848 571 restitutam
894 506 1076 569 fuisse
1121 530 1157 569 a
1203 508 1505 570 Romanis
1547 508 1674 590 (h).
2268 495 2279 515 ’

309 590 440 652 162.
483 583 628 655 Ari-m
673 588 740 653 a*
783 583 858 656 {¹51
891 591 974 655 νῦν
1009 591 1161 660 νῧσυς
1191 592 1268 654 ‘nir
1303 582 1490 655 ‘iceudr
1537 586 2081 673 άππταφρευμένη]
2120 589 2301 652 Thu·
2354 624 2361 634 ¹

222 670 454 753 cydidis
484 694 656 739 aetate
702 679 1018 759 peninsula
1068 682 1406 739 etiamnum
1460 694 1587 739 erat
1634 674 1965 737 Leucadia.
2026 672 2301 755 Scylacis

215 774 412 817 autem
459 776 766 843 tempore,
813 778 918 823 aut
971 783 1094 823 non
1150 761 1344 822 multo
1389 779 1569 835 ante,
1610 758 1857 821 videtur
1900 758 1999 821 hic
2048 756 2301 819 isthmus

213 838 498 920 perfossus
535 843 732 907 fuisse.
775 845 992 907 Postea
1032 865 1228 907 rursus
1266 846 1595 908 obstructae
1628 862 1766 905 sunt
1803 844 1993 905 humo
2033 846 2159 904 istae
2196 862 2303 903 an·

207 929 430 1003 gustiae.
471 919 737 1004 Plinius,
763 929 866 991 lib.
895 946 996 1004 lv,
1029 952 1160 1013 cap.
1187 950 1207 989 1
1254 953 1270 989 ε
1299 931 1599 992 Leucadia
1622 927 1973 1015 peninsula,
2001 928 2301 1012 quondam

207 1008 434 1072 Nexilis
481 1012 811 1099 appellata,
861 1038 1022 1097 opere
1060 1012 1390 1076 accolarum
1428 1014 1687 1077 abscissa
1734 1035 1773 1073 α
1816 1014 2175 1088 continenti,
2225 1033 2299 1073 ac

205 1094 426 1156 reddita
451 1116 751 1161 ventorum
765 1100 930 1177 flatu
958 1101 1270 1181 congeriem
1303 1119 1493 1159 arenae
1516 1094 2011 1159 accumulandum
2023 1144 2047 1171 ,
2078 1098 2181 1180 qui
2208 1094 2297 1157 lo-

202 1198 299 1237 cus
319 1198 562 1243 vocatur
581 1184 926 1267 Dioryctos,
957 1184 1284 1243 stadiorum
1307 1180 1665 1263 longitudine
1686 1183 1883 1242 trium.
1922 1179 2055 1263 lpse
2090 1197 2295 1241 tamen

206 1259 610 1337 Plinius,lib.
659 1282 751 1339 ΙΙ,
792 1286 924 1347 cap.
965 1284 1082 1347 90,
1123 1264 1423 1327 adversari
1449 1264 1561 1326 sibi
1592 1264 1866 1339 videtur,
1898 1286 2036 1325 cum
2068 1262 2299 1347 inquit,

193 1368 359 1408 mare
387 1352 724 1435 perrupisse
753 1350 1027 1411 Leucada
1054 1374 1074 1408 .·
1113 1371 1248 1410 cum
1279 1348 1378 1411 hic
1416 1368 1621 1412 tamen
1658 1347 1854 1423 dicat,
1893 1370 1931 1409 o
1968 1364 2073 1409 'ere
2108 1368 2302 1409 acco-

199 1428 400 1491 larum
425 1432 750 1495 abscissam
787 1456 910 1495 esse
940 1455 976 1494 a
1016 1438 1375 1495 continenti.
1405 1432 1531 1495 Sed
1554 1433 1645 1495 bis
1668 1451 1817 1516 puto
1846 1454 1905 1493 re
1954 1430 2144 1492 ditam
2176 1452 2303 1493 esse

189 1508 580 1577 continenti.
611 1516 776 1578 Nam
813 1517 1025 1601 Livius
1050 1520 1146 1599 (c)
1201 1520 1308 1597 (si
1342 1521 1515 1604 prior
1544 1542 1691 1603 pars
1728 1517 1903 1592 hujus
1947 1515 2082 1577 libri
2129 1515 2301 1577 Livio

189 1599 590 1662 adscribenda
643 1604 790 1685 sit)
845 1602 1072 1667 disette.
1113 1620 1362 1664 testatur
1393 1650 1413 1677 ,
1476 1603 1621 1664 belli
1666 1602 1991 1685 Philippici
2032 1619 2303 1681 tempore

183 1684 590 1763 peninsulam
630 1685 824 1747 fuisse.
891 1689 1188 1749 Leucadia
1239 1710 1394 1749 nunc
1446 1688 1641 1751 insula
1682 1706 1801 1759 est,
1854 1684 2069 1747 vadoso
2096 1687 2297 1765 fteto,

135 1779 139 1784 '
184 1770 704 1853 quodperftssum
732 1793 942 1846 manu,
987 1772 1064 1833 ab
1103 1772 1457 1834 Acarnania
1493 1774 1699 1833 divisa.
1749 1770 1905 1831 Tum
1942 1768 2296 1855 peninsula,

183 1870 244 1914 et
261 1852 344 1915 ab
367 1857 668 1925 accidente
689 1858 903 1939 regioni
927 1857 1400 1936 arctisfizucibus
1424 1856 1727 1918 cohaerens.
1750 1854 1855 1917 Sic
1884 1853 2295 1917 scribendum.

184 1936 517 2021 Tempore
543 1939 737 2014 Livii,
773 1960 833 2001 et
869 1940 1183 2002 Strabonis
1209 1987 1226 2014 ,
1265 1958 1324 2002 et
1357 1944 1539 2002 etiam
1580 1939 1892 2022 aliquanto
1910 1958 2122 2014 antea,
2147 1960 2297 2001 con-

185 2038 306 2083 stat
341 2023 614 2085 insulam
651 2022 848 2086 fuisse.
883 2026 1102 2087 Postea
1129 2046 1276 2087 vero
1303 2048 1531 2087 rursum
1562 2028 1903 2087 continenti
1926 2044 2164 2087 annexa
2190 2040 2295 2085 est.

189 2105 330 2168 Nec
346 2113 526 2169 enirn
544 2109 720 2170 aliter
735 2109 966 2170 Plinius
981 2111 1096 2172 sibi
1115 2129 1369 2171 constat.
1405 2110 1663 2173 Vossius.

269 2192 565 2255 Multum
609 2194 777 2255 abest
805 2198 951 2277 quin
997 2187 1322 2277 diffugiant
1353 2199 1611 2256 omnino
1650 2216 1788 2256 cum
1832 2192 2037 2256 Vossii
2067 2192 2297 2269 verbis,

178 2272 258 2335 de
285 2276 636 2339 Leucadiae
662 2280 1100 2342 mutationibus
1131 2279 1411 2341 tenebrae.
1461 2282 1726 2341 Minime
1750 2282 1989 2339 curavit
2012 2281 2105 2337 vir
2130 2298 2299 2359 egre-

173 2363 312 2439 gius
359 2381 608 2423 veteres
654 2366 964 2443 scriptores
1007 2368 1163 2425 inter
1207 2386 1270 2425 se
1311 2363 1633 2443 diligenter
1677 2361 1992 2435 confess-e,
2044 2378 2104 2422 et
2154 2382 2300 2442 geo-

173 2446 458 2527 graphiae
515 2450 691 2527 quasi
739 2446 1194 2529 chronologiam
1245 2447 1634 2539 perpendfere.
1681 2446 1933 2509 Scilicet
1987 2449 2297 2527 primum,

171 2531 340 2591 male
385 2529 708 2593 intellexit
756 2528 890 2591 h'aec·
921 2532 1103 2592 Plinii
1137 2530 1362 2606 verba,
1407 2554 1565 2593 mare
1602 2530 1933 2617 perrupisse
1980 2530 2295 2605 Leucada,

168 2634 314 2695 quae
373 2638 511 2677 non
571 2613 652 2674 ad
709 2615 960 2675 verbum
1008 2616 1108 2677 hic
1160 2614 1441 2677 habenda
1490 2636 1675 2687 sunt,
1736 2620 1783 2675 si
1838 2614 2025 2677 modo
2087 2618 2297 2697 capitis

167 2698 422 2761 laudati
452 2699 708 2761 titulum
739 2698 1212 2763 consideraveris
1247 2703 1356 2760 zde
1379 2702 1542 2762 terris
1580 2702 1637 2767 in
1667 2717 1855 2761 totum
1884 2702 2035 2761 mari
2062 2722 2303 2785 permu-

165 2784 343 2845 tatis,
395 2786 576 2845 Haecq
604 2805 838 2865 prorsus
865 2782 1192 2863 peninsulae
1229 2784 1657 2845 abscissionem
1692 2805 2139 2866 quamcumque
2163 2801 2299 2846 tan-

163 2886 314 2926 tum
345 2872 710 2950 exprimunt
731 2915 746 2941 ,
781 2884 838 2927 et
867 2867 1086 2931 iisdem
1121 2872 1376 2929 omnino
1406 2868 1747 2938 adludunt,
1793 2889 1927 2950 quae
1958 2867 2103 2929 alibi
2131 2869 2303 2933 aliter

173 2951 442 3012 Plinius
461 2952 696 3013 seddit.
735 2952 838 3015 Sic
868 2956 928 3013 in
959 2974 1218 3013 eruorem
1249 2955 1528 3036 abreptus
1558 2957 1681 3027 vir,
1726 2950 1817 3012 bis
1845 2950 2038 3025 voluit
2072 2953 2305 3016 Leuca*

159 3033 348 3096 diam
397 3036 716 3099 redditam
742 3036 922 3099 fuisse
945 3042 1312 3109 continenti,
1340 3038 1404 3099 id
1430 3057 1551 3111 est,
1588 3056 1681 3099 ter
1716 3038 2091 3119 peninsulam
2124 3038 2303 3101 fuisse

159 3138 224 3181 et
261 3121 366 3182 bis
407 3120 704 3201 insulam.
745 3121 882 3183 Imo
921 3142 992 3182 ex
1037 3122 1425 3201 sequentibus
1464 3124 1608 3197 locis
1647 3123 1874 3205 liquet,
1920 3123 2298 3205 peninsulam

149 3203 360 3271 fuisse
410 3228 498 3268 ex
543 3210 844 3288 principio
881 3206 1285 3282 Leucadiam,
1317 3226 1525 3289 postea
1566 3206 1856 3279 insulam,
1900 3230 2041 3269 mox
2082 3211 2302 3269 iterum

151 3292 588 3372 peninsulam
629 3310 690 3353 et
731 3295 946 3351 iterum
983 3292 1237 3352 insulam
1263 3337 1280 3363 ,
1328 3310 1395 3353 ut
1444 3296 1792 3353 etiamnunc
1838 3296 2124 3373 reperitur
2176 3292 2301 3370 (d).

151 3376 512 3439 Homerus
552 3376 680 3523 εἴ,
729 3396 765 3435 a
809 3372 1111 3435 Strabone
1146 3378 1276 3457 ipso
1323 3374 1603 3437 laudatus
1638 3378 1785 3457 (f),
1825 3378 2063 3447 Nn'cuxov
2090 3421 2105 3447 ‚
2151 3378 2302 3435 civi—

147 3478 362 3525 tatem
413 3482 558 3545 qua
629 3458 804 3533 dam,
843 3456 998 3527 dxliv
1041 3454 1362 3537 Ἠπείρριο,
1410 3460 1476 3521 id
1520 3478 1643 3534 est,
1690 3460 1859 3543 Epiri
1918 3457 2302 3541 peninsulam

208 3652 284 3703 (a)
316 3650 604 3705 Ann'quitat.
638 3660 788 3695 roman,-
826 3648 901 3689 lib.
938 3660 951 3689 t
968 3678 981 3698 ‚
1019 3662 1112 3703 pag.
1143 3663 1226 3703 40,
1361 3646 1429 3699 (d)
1457 3646 1583 3688 Conf,
1602 3646 1979 3695 Sainte-Croix,in
1998 3618 2194 3687 Mende
2212 3642 2309 3685 PA-

149 3710 432 3818 ὴῗεῖῗοε.
451 3764 537 3803 cit.
555 3774 648 3813 pag.
669 3774 741 3815 4¹»
765 3762 840 3801 lin.
860 3774 928 3804 20.
1303 3702 1784 3811 ca2;.-gssii.'wlt,2i13v⁷‚²tl.
1808 3755 1907 3810 376,
1932 3770 2029 3813 377·

197 3822 275 3874 (e)
305 3820 428 3863 Lib.
445 3828 626 3873 'xxgtu
641 3845 655 3868 ,
675 3830 769 3873 cap.
798 3831 866 3872 ¹7·
1361 3815 1435 3870 (f)
1454 3816 1545 3860 Lib.
1562 3826 1617 3867 x,
1641 3829 1735 3870 pag.
1756 3828 1867 3877 4522
2016 3834 2023 3847 ·
