2809 4642
894 369 984 422 m
1039 368 1533 424 ammonam.
2154 357 2199 425 6
2208 381 2243 450 3

187 471 324 563 plo
369 471 666 542 ,Iunonis
711 472 1040 543 Laciniae¹
1083 500 1102 554 3
1149 475 1316 543 inde
1367 497 1633 542 annum
1684 473 1873 546 urbis
1900 475 2249 548 Romanae

183 575 468 648 natalem
489 625 509 659 ,
541 593 710 664 teste
726 575 1066 668 Dionysio
1084 577 1668 647 Haficarnasseo2.
1686 577 1799 646 Ne
1817 580 2138 676 neglecta
2160 582 2247 650 ab

179 699 266 744 eo
291 677 498 747 fuisse
523 680 944 779 suspicemur
965 679 1679 776 Carthaginiensium,
1720 680 1779 750 si
1804 703 1949 774 qua
1976 683 2241 776 uspiam

173 775 488 860 fuissent,
516 783 806 852 archiva.
833 781 904 852 Si
933 786 1126 876 quod
1147 781 1389 852 fitisset
1421 783 1832 866 Hannonis,
1860 785 1937 852 in
1978 787 2241 879 templo

173 881 398 974 aliquo
439 886 878 978 archetypum
907 935 926 966 ‚
987 889 1075 954 ad
1109 885 1280 956 iliud
1316 887 1547 978 potius
1584 905 2078 979 provocassent
2118 890 2241 982 qui

173 983 544 1056 Hannonis
569 990 802 1058 studio
833 987 1276 1069 tenebantur,
1327 1011 1633 1081 eumque
1663 990 2055 1088 genuinum
2092 1013 2245 1061 esse

100 1125 104 1130 ›
167 1088 492 1158 volebant
509 1141 528 1172 ,
565 1115 777 1182 quam
805 1095 892 1160 ad
933 1092 1330 1162 Gorillarum
1352 1092 1561 1184 pelles
1599 1093 1673 1160 in
1704 1093 1967 1185 templo
1992 1115 2241 1187 suspen-

168 1212 294 1260 sas.
328 1191 696 1263 Perierunt
731 1217 942 1286 porro
967 1195 1041 1262 in
1069 1193 1399 1260 Romanae
1427 1195 1612 1260 urbis
1640 1196 1969 1264 incendio
1999 1213 2105 1265 tot
2132 1219 2239 1268 ar·

166 1293 400 1377 chiva3
441 1312 520 1363 ut
547 1297 852 1387 priorem
888 1296 1242 1385 historiam
1266 1309 1631 1384 propterea
1652 1297 1879 1366 minus
1898 1298 2235 1394 integram

161 1393 453 1466 fateatur
477 1399 629 1488 ipse
657 1397 892 1465 Livius
915 1393 969 1473 ³3
1011 1395 1179 1463 inde
1201 1411 1424 1476 autem
1452 1417 1704 1463 novam
1730 1397 2118 1490 integrioris
2144 1403 2243 1470 hi·-

162 1498 386 1565 storiae
411 1499 612 1588 quasi
637 1499 970 1590 epocham
995 1514 1302 1566 arcessat.
1328 1495 1410 1564 In
1434 1496 1625 1566 urbis
1647 1496 2241 1594 Carthaginiensis

163 1599 441 1666 excidio
469 1617 659 1668 tanto
693 1601 1052 1692 recentiori
1080 1623 1289 1668 nemo
1319 1617 1426 1668 est
1446 1649 1465 1681 ,
1516 1601 1639 1692 qui
1675 1601 1944 1670 archiva
1972 1602 2084 1671 vei
2115 1627 2241 1696 pe-

158 1701 360 1768 riisse
394 1719 746 1793 queratur3
788 1725 1033 1786 nemo,
1065 1704 1188 1794 qui
1215 1700 1556 1794 Scipionis
1593 1703 1702 1771 vel
1730 1719 2061 1772 conatum
2088 1727 2241 1774 nar·-

157 1819 300 1884 ret,
329 1827 421 1872 ne
444 1806 780 1898 perirent,
819 1829 976 1874 cum
1003 1805 1210 1874 fueri-t
1233 1823 1460 1904 tamen
1490 1806 1605 1874 isse
1631 1823 1863 1875 tantus
1890 1807 2231 1876 bonarum

153 1904 502 2002 literarum
538 1925 894 1999 patronus.
933 1909 998 1977 N
1007 1907 1227 1976 ulium
1263 1929 1435 2004 ergo
1468 1905 1687 1985 finisse·
1702 1910 2071 1979 verisimile
2090 1929 2229 1992 est,

155 2009 266 2076 vel
297 2010 374 2076 in
412 2011 712 2102 temp10,
767 2012 1110 2103 periplum
1151 2011 1526 2080 Hannonis
1566 2012 2009 2106 originalem3
2068 2013 2229 2082 nul·

154 2109 299 2178 lum
378 2115 565 2205 apud
627 2112 1238 2210 Carthaginienses
1311 2137 1571 2183 morem
1659 2116 2083 2184 archivorum
2154 2117 2225 2185 in

155 2215 427 2307 templis
465 2218 982 2286 servandorum.
1032 2215 1423 2313 Singularia
1454 2235 1679 2286 autem
1713 2265 1731 2297 ,
1780 2241 1913 2285 nec
1957 2237 2229 2312 recepta

151 2314 382 2408 aliqua
448 2321 938 2388 servandorum
999 2321 1429 2388 archivorum
1502 2321 2013 2390 consuetudine
2058 2319 2227 2389 fieta

150 2419 430 2486 archiva
457 2467 474 2499 ,
515 2422 756 2489 merito
786 2445 951 2494 sane
981 2437 1296 2515 suspecta
1332 2421 1650 2492 habenda
1688 2440 1855 2491 sunt
1875 2473 1893 2503 ,
1936 2446 2095 2490 cum
2128 2441 2227 2493 tot

146 2517 414 2589 fuerint
443 2523 574 2590 sub
603 2525 1030 2593 archivorum
1063 2540 1388 2618 praetextu
1428 2543 1737 2593 veterum
1768 2526 2225 2617 impostorum

143 2619 447 2697 fraudes.
480 2625 694 2694 Hunc
719 2645 944 2716 autem
975 2628 1314 2720 periplum
1340 2627 1472 2695 illis
1494 2649 1785 2719 quoque
1802 2628 2222 2720 temporibus

143 2745 546 2818 suspectum
577 2727 790 2798 fuisse
821 2732 1056 2810 docet,
1092 2734 1287 2822 quod
1329 2732 1415 2799 ad
1446 2729 1661 2822 pelles
1700 2727 2116 2799 Gorissarum
2150 2733 2222 2804 in

145 2830 416 2900 excidio
446 2850 746 2933 repertas
777 2850 1226 2924 provocatum
1257 2831 1484 2902 fiterit.

139 3079 186 3134 S.
225 3071 442 3130 XXIV.
481 3073 718 3152 Periplus
754 3075 1038 3130 hodiernus
1069 3096 1098 3132 a
1137 3079 1384 3132 veterum'
1403 3060 1612 3132 Peri'io
1630 3119 1645 3142 ,
1700 3082 1791 3158 qui
1820 3078 1924 3135 'sub
1958 3081 2229 3140 Hannonis

388 3152 608 3208 nomine
627 3148 884 3207 confictus
904 3165 980 3207 est
995 3192 1011 3215 ,
1043 3151 1101 3206 in
1124 3151 1304 3208 mustis
1329 3150 1453 3206 adm
1528 3171 1621 3208 um
1640 3167 1873 3210 mutatus
1888 3169 1981 3212 est.

239 3373 364 3450 Est
410 3394 644 3445 tamen
667 3406 686 3460 ,-
741 3376 813 3444 ni
855 3375 1090 3461 fallor,
1133 3376 1219 3445 ab
1255 3400 1338 3446 eo
1379 3401 1588 3472 quem
1618 3398 1881 3450 veteres
1923 3406 2219 3479 usurpa-

136 3473 342 3574 bant,
385 3482 767 3547 admodum
793 3480 1100 3548 diversus
1127 3479 1241 3548 isse
1270 3531 1290 3564 ,
1337 3501 1548 3572 quem
1591 3505 1721 3552 nos
1769 3484 1971 3553 hodie
2016 3510 2216 3554 usur-

136 3601 386 3670 pamus
412 3629 432 3662 ,
485 3582 794 3676 periplus
826 3583 1223 3652 Hannonis.
1257 3581 1611 3677 Periplum
1642 3605 1948 3656 veterum
1984 3588 2059 3657 in
2092 3585 2137 3656 J
2140 3611 2219 3655 u-

221 3806 233 3826 ¹
261 3797 457 3873 Polyb.
487 3798 578 3854 iib.
604 3813 698 3866 111,
727 3819 789 3854 ca
831 3842 843 3856 .
870 3819 892 3874 3
939 3800 1084 3866 3L5v.
1107 3801 1198 3857 fib.
1224 3815 1441 3870 xxvm,
1472 3823 1517 3856 c.
1547 3808 1619 3874 46
1637 3803 1793 3872 ,fine.
1832 3834 1905 3850 -—
1946 3809 1971 3834 ⁸
1992 3805 2217 3884 Dionys.

132 3868 245 3926 Hal.
274 3873 385 3936 {.1,
415 3894 466 3948 p.
488 3877 578 3928 60.
612 3903 690 3916 ›-
731 3871 750 3909 3
817 3878 883 3929 iv·
969 3889 1143 3958 visi.
1620 3915 1626 3922 -
1742 3893 1748 3901 ¹
2127 3904 2134 3913 -
