2809 4642
795 586 1059 671 JAQ
1160 520 1834 671 GRoNovn

349 829 811 908 HENRICO
870 836 1001 907 DE
1055 834 1648 945 BLEYSWYCK
1699 834 2279 909 DEDICATIO.

274 1245 585 1383 QUUM
629 1296 940 1377 praeterito
990 1314 1161 1359 anno
1204 1308 1434 1358 LXXIII
1475 1298 1734 1375 spatium
1777 1300 1956 1358 maris
2006 1302 2162 1359 inter
2215 1296 2369 1361 Bar-

268 1387 563 1445 cinonem
608 1401 681 1443 ac
720 1376 1068 1439 Massiliam
1112 1380 1197 1439 sic
1242 1380 1712 1439 transmitterem
1739 1422 1758 1452 ,
1806 1395 1875 1439 ut
1921 1400 2154 1462 semper·
2191 1380 2370 1445 litora

160 1468 178 1471 ”
264 1471 331 1528 in
383 1478 721 1546 conspectu
772 1460 1060 1523 haberem
1089 1506 1109 1536 ,
1174 1478 1235 1523 et
1272 1464 1441 1523 statis
1485 1460 1650 1523 horis
1711 1460 2096 1525 succederem
2153 1482 2366 1539 terrae,

263 1554 449 1633 potui
477 1562 539 1623 et
566 1545 763 1609 didici
789 1550 1110 1629 concipere
1134 1542 1488 1610 felicitatem
1521 1549 1742 1618 veteris
1785 1543 2062 1609 Graeciae.
2111 1546 2228 1611 Illa
2261 1548 2372 1611 ubi

262 1638 541 1719 primum
592 1631 891 1693 intellexit
942 1629 1211 1693 nobilem
1260 1633 1436 1693 istam
1495 1647 1558 1693 et
1613 1630 1870 1693 liberam
1922 1646 2192 1693 mentem
2245 1641 2370 1695 non

258 1740 447 1803 posse
486 1719 759 1779 terminis
794 1714 931 1778 ullis
978 1717 1281 1787 coerceri,
1315 1714 1435 1778 hoc
1459 1714 1864 1779 beatitudinis
1889 1736 2114 1798 genere
2149 1736 2213 1777 se
2245 1738 2376 1781 suc·

264 1808 547 1865 cinxerat
573 1846 593 1873 ,
647 1818 715 1861 ut
754 1818 814 1862 et
849 1804 911 1864 in
951 1817 1107 1863 terra
1147 1799 1462 1863 ambulare
1503 1818 1563 1862 et
1613 1804 1676 1864 in
1721 1804 1871 1861 mari
1925 1805 2216 1883 navigare
2264 1820 2378 1883 pro

262 1886 470 1953 lubitu
519 1903 740 1969 posset.
796 1883 927 1949 Sed
963 1884 1181 1957 eadem
1228 1888 1291 1947 in
1341 1888 1645 1969 proximas
1687 1905 1922 1969 semper
1955 1903 2090 1947 oras
2175 1906 2386 1969 uoque

263 1969 653 2045 dimittendis
689 1966 983 2047 coloni-is,
1020 1989 1081 2033 et
1112 1970 1371 2048 Maioris
1407 1969 1667 2033 Graeciae
1700 1974 1955 2035 nomine
1993 1969 2075 2033 ad
2115 1908 2376 2034 alterum

263 2056 423 2119 latus
467 2054 813 2129 collocat0,
860 2073 919 2117 et
955 2076 1158 2117 versus
1195 2059 1674 2136 septentrionem
1719 2054 2003 2136 Bosporis
2051 2058 2138 2115 ita
2180 2076 2380 2119 occu·-

260 2148 469 2225 patis,
540 2158 610 2201 ut
660 2138 961 2221 quicquid
1023 2138 1110 2200 ibi
1165 2158 1413 2221 agerent
1473 2160 1544 2203 ac
1595 2138 1990 2222 loquerentur
2043 2138 2326 2201 homines
2356 2171 2382 2216 ,-

264 2248 539 2309 graecurn
579 2242 729 2287 esset
762 2270 781 2299 ,
829 2222 950 2293 hoc
992 2223 1111 2285 sibi
1150 2223 1501 2288 confecerat
1529 2268 1550 2299 ‚
1611 2241 1679 2285 ut
1719 2242 1890 2286 extra
1924 2244 2049 2285 sese
2089 2240 2378 2286 contem-2

267 2309 424 2394 plari
470 2313 681 2373 nitoris
716 2311 808 2369 sui
860 2308 1227 2391 elegantiam
1266 2326 1485 2393 posset.
1521 2307 1629 2369 Ad
1658 2312 1828 2388 cujus
1867 2307 2198 2392 spectaculi
2235 2304 2378 2369 dul-

268 2394 563 2457 cedinem
604 2396 739 2475 quis
790 2414 913 2454 non
972 2392 1452 2457 Atheniensium
1496 2392 1832 2476 aliquando
1886 2393 2158 2456 evolavit
2197 2395 2381 2457 remis

268 2478 579 2561 velisque!
628 2474 758 2539 Sed
790 2475 1161 2558 procedente
1210 2480 1489 2560 potentia
1534 2478 1832 2561 paulatim
1872 2478 1952 2541 ad
1991 2494 2378 2563 prospectum

267 2562 709 2625 mediterranei
752 2566 929 2623 maris
957 2562 1163 2625 illecta
1200 2562 1418 2625 eadem
1455 2567 1660 2636 nati0,
1697 2584 1908 2625 omnes
1939 2566 2104 2625 sinus
2139 2582 2210 2623 ac
2239 2582 2382 2643 pro-

265 2650 586 2719 montoria
620 2653 744 2727 ejus
774 2647 1000 2711 insedit
1022 2665 1082 2708 et
1106 2650 1301 2709 cinxit
1328 2672 1343 2707 ε
1381 2664 1442 2709 et
1465 2646 1610 2715 licet
1643 2647 1954 2709 aemulatio
1981 2652 2140 2711 inter
2185 2662 2378 2730 quas·-

267 2732 415 2795 dam
474 2734 750 2813 regiones
806 2752 879 2793 ac
927 2736 1219 2813 potentiae
1268 2748 1575 2795 certamen
1623 2730 1982 2797 incenderet
2034 2728 2376 2815 frequentia

268 2816 439 2879 bella
472 2816 551 2879 de
587 2812 937 2878 obtinendo
972 2820 1151 2877 maris
1188 2819 1476 2899 imperio,
1525 2820 1742 2901 utique
1768 2836 1973 2879 tamen
2005 2818 2380 2898 conspiratio

272 2923 490 2965 omnes
540 2919 663 2963 una
720 2916 783 2965 et
827 2898 1045 2963 eadem
1099 2902 1348 2976 tenuit,
1400 2918 1469 2963 ut
1523 2924 1602 2964 ne
1656 2899 1939 2985 voluptas
1977 2900 2226 2985 publica
2268 2903 2382 2963 cir-

270 2983 753 3069 cumnavigandi
810 2991 937 3067 ejus
986 2986 1345 3049 turbaretur.
1413 2985 1556 3051 Nec
1605 2983 1670 3049 id
1731 3002 1975 3049 tantum
2015 2983 2380 3049 deliciarum

271 3092 461 3137 causa
486 3118 507 3147 ,
595 3094 744 3133 uum
783 3072 995 3133 et-ista
1050 3074 1436 3155 navigiorum
1483 3070 1931 3154 gestatiolenis
1965 3090 2149 3147 esset,
2197 3069 2380 3133 ideo-

315 3176 392 3217 ue
437 3154 695 3219 malent
730 3154 977 3238 plurimi
1016 3157 1413 3239 navigatione
1442 3160 1570 3233 uti,
1603 3178 1792 3241 quarn
1833 3160 2056 3222 itinere
2094 3159 2376 3220 terrestri.

265 3180 606 3325 {apiditas
668 3238 948 3303 discendi
1006 3257 1069 3303 et
1124 3239 1501 3325 percipiendi
1549 3242 1747 3326 qualis
1798 3258 1856 3305 et
1907 3242 2033 3305 lraec
2089 3242 2247 3305 docti
2295 3242 2376 3305 sit

260 3327 543 3411 positura
576 3326 739 3401 Dei,
790 3323 997 3407 adegit
1030 3326 1347 3389 meliorem
1386 3324 1712 3397 hominum
1751 3344 2019 3410 partem,
2067 3344 2136 3389 ut
2173 3344 2236 3389 et
2265 3328 2378 3407 ipsi

270 3416 733 3473 committentes
782 3414 975 3473 vitam
1009 3432 1181 3475 suam
1217 3410 1432 3495 ligneis
1478 3415 1660 3473 muris
1709 3410 2052 3494 jucundum
2098 3412 2216 3473 hoc
2276 3411 2376 3472 in-

267 3514 533 3559 ventum
566 3494 927 3559 ambulandi
959 3517 1065 3579 per
1088 3518 1271 3579 aquas
1308 3501 1738 3581 experirentur.
1785 3496 1909 3561 Sed
1947 3512 2008 3561 et
2051 3512 2373 3578 postquam

270 3596 691 3657 tentaverant,
726 3586 1088 3664 cupiverunt
1122 3580 1203 3643 ad
1226 3604 1367 3645 suos
1394 3602 1698 3665 exponere
1726 3582 1824 3646 vel
1859 3586 1982 3665 ipsa
2016 3577 2376 3643 intervallo-

268 3687 407 3727 rum
459 3668 655 3751 spatia
697 3666 794 3729 vel
834 3690 1029 3730 rerum
1075 3687 1181 3750 per
1212 3688 1315 3731 eos
1362 3691 1568 3731 cursus
1605 3670 2060 3730 occurrentium
2105 3666 2376 3747 proprie-

272 3769 461 3827 tates,
489 3756 548 3843 κεί
586 3770 725 3835 quae
760 3770 927 3813 erant
963 3751 1059 3813 vel
1098 3755 1161 3813 in
1197 3752 1365 3815 fluxu
1408 3757 1620 3827 mariS,
1663 3752 1762 3815 vel
1793 3754 1854 3812 in
1896 3768 2112 3813 natura
2145 3747 2373 3821 litoris,

271 3836 371 3901 vel
416 3840 480 3897 in
511 3836 811 3917 elegantia
838 3834 1218 3913 accolarum,
1254 3856 1435 3921 prout
1471 3843 1698 3921 quique
1747 3834 2014 3899 studiose
2057 3835 2234 3901 litora
2268 3854 2377 3897 sua
