2809 4642
1499 284 1526 301 d

1034 380 1516 436 numenio.
2185 352 2310 437 '161

247 482 307 541 in
348 480 597 563 epistola
644 478 709 543 id
756 478 1229 563 significaverit3
1274 502 1401 543 non
1449 476 1646 543 defuit
1701 480 1958 543 Vossius
2001 480 2322 563 huic1ejus

244 569 437 647 magni
459 570 574 629 viri
605 563 877 640 indici0,
908 570 1057 650 quin
1084 588 1161 629 ex
1182 563 1770 655 versiculis„digestis
1798 584 1860 630 et
1889 564 2320 633 demonstratis

242 646 454 711 faceret
481 668 693 726 notas,
726 670 911 735 atque
946 650 1163 733 gradus
1190 651 1497 735 pedesqu'e
1531 649 1933 733 plurimorum
1955 650 2323 735 produceret

241 752 701 819 ostentaretque.
738 736 875 797 lmo
902 737 1044 801 hinc
1080 735 1469 819 progrediens
1507 740 1691 797 etiam
1719 760 1792 799 ex
1835 736 2110 819 Scyrnno
2151 736 2320 803 Chio

237 822 445 900 petitos
480 841 609 883 esse
640 825 902 889 monuit.
933 820 1123 885 Unde
1146 844 1283 905 quae
1306 820 1642 884 absurditas
1666 820 1769 881 illa
1809 818 1924 883 suit
1949 842 2318 905 nuperorum

236 902 655 967 Romanorum
676 952 693 981 ,
723 912 850 969 sive
876 906 1255 990 Stephanum
1280 906 1586 967 Gradium
1623 909 1936 989 respicias,
1965 910 2092 969 sive
2124 906 2322 969 Caro-

232 985 355 1049 lum
392 991 769 1066 Moronum,
810 1011 879 1053 ut
904 1010 1047 1055 ante
1078 1013 1271 1054 annos
1307 1008 1413 1053 xu
1457 994 1520 1051 in
1557 989 1672 1053 hac
1711 990 1860 1053 urbe
1885 989 2194 1054 voluerint
2213 990 2318 1055 edi

230 1068 561 1157 fragmenta
582 1074 837 1158 Scymni
862 1076 1011 1139 Chii
1034 1076 1147 1138 sub
1177 1098 1251 1141 ea
1280 1074 1706 1145 venditatione
1723 1122 1742 1151 ,
1763 1078 1936 1159 quasi
1965 1098 2102 1159 quae
2125 1094 2323 1141 essent

226 1157 503 1223 hactenus
531 1184 647 1223 non
678 1160 883 1224 edita!
918 1184 1112 1245 quum
1146 1179 1289 1221 ante
1322 1180 1512 1221 annos
1545 1163 1790 1241 triginta
1821 1164 1883 1221 in
1926 1162 2132 1223 vicina
2159 1161 2318 1223 Am-

226 1243 565 1307 stelodamo
592 1245 809 1309 eadem
842 1244 1127 1325 evulgata
1159 1257 1355 1303 essent
1388 1245 1454 1303 in
1478 1241 1822 1316 volumine,
1847 1243 2020 1326 quod
2043 1244 2123 1319 ab
2162 1268 2320 1329 quo-

223 1324 371 1391 iibet
398 1328 789 1393 studentium
822 1328 1106 1409 quotidie
1136 1324 1470 1398 terebatur,
1519 1341 1680 1426 certe
1707 1330 1820 1386 teri
1849 1329 2350 1412 supponebatur..

226 1411 365 1477 Nec
394 1413 591 1475 modo
618 1412 929 1475 voluerint
956 1410 1097 1485 edi;
1134 1408 1239 1473 sed
1268 1406 1440 1493 quod
1463 1425 1738 1477 monstro
1765 1409 1960 1471 simile
1989 1430 2110 1486 est,
2136 1418 2319 1477 etiam

216 1495 393 1561 edita
433 1501 593 1572 sint,
625 1520 739 1561 nec
760 1494 1046 1581 puduerit
1064 1498 1329 1574 jactitari
1362 1492 1580 1555 eadem
1619 1492 1739 1557 hoc
1776 1496 1960 1557 titulo
1987 1498 2140 1578 ipso·
2166 1498 2322 1563 Haec

218 1598 357 1642 tum
391 1580 572 1657 vidi,
615 1599 681 1643 ut
721 1580 911 1644 fatear
952 1602 1196 1656 verum,
1244 1602 1384 1642 cum
1427 1599 1652 1661 magno
1685 1600 1824 1641 meo
1861 1582 2012 1656 risu,
2049 1584 2158 1665 qui
2195 1605 2322 1645 non

218 1663 315 1727 fui
360 1664 673 1729 adhibitus
701 1665 789 1749 ad
827 1665 993 1729 illam
1040 1688 1213 1739 rem,
1258 1686 1295 1725 a
1344 1686 1466 1747 qua
1511 1669 1780 1727 maxime
1829 1664 2176 1741 abhorre0,
2213 1671 2324 1751 qui

216 1754 304 1813 ita
350 1750 581 1813 saeculo
620 1769 680 1812 et
714 1752 985 1813 stultitiae
1021 1750 1283 1834 pub'licae
1332 1752 1650 1832 imponere
1691 1772 1814 1811 non
1867 1746 2080 1813 didici.
2131 1752 2323 1815 Certe

214 1838 385 1897 enim
418 1832 661 1911 omnia,
738 1858 830 1897 uae
854 1836 980 1899 illic
1003 1834 1393 1918 proferuntur
1416 1834 1604 1895 tribus
1633 1838 1866 1918 magnis
1895 1838 2130 1919 paginis
2157 1843 2320 1916 374,

220 1921 377 2001 376,
417 1920 579 2003 378,
608 1860 827 1985 inqmc
865 1920 1075 1983 libello
1106 1924 1377 2005 quisquis
1412 1918 1780 1994 contulerit,
1815 1924 2132 1983 inveniet:
2159 1921 2320 1985 adeo

220 2022 286 2065 ut
316 2004 511 2069 ferme
555 2006 763 2069 credat
803 2028 881 2069 ea
928 2008 1395 2069 concinnavisse
1451 2005 1848 2067 Holstenium
1899 2028 1973 2067 ex
2019 2005 2139 2069 hoc
2187 2010 2318 2088 ipso

213 2092 461 2173 scripto·
499 2089 573 2153 Id
602 2096 771 2155 enim
798 2114 989 2176 quum
1014 2096 1077 2154 in
1118 2090 1400 2153 Palatina
1423 2088 1801 2153 bibliotheca
1822 2094 2149 2152 versaverit
2177 2090 2322 2154 Sal..

220 2180 477 2251 masius,
516 2180 600 2238 ita
632 2177 981 2240 volentibus
1016 2174 1153 2239 fatis
1177 2180 1613 2259 transgressum
1641 2196 1765 2237 esse
1791 2178 2074 2237 novimus
2100 2178 2162 2237 in
2193 2176 2320 2249 Va-

217 2262 485 2321 ticanam
506 2308 525 2337 ,
560 2266 661 2323 cui
687 2261 788 2324 ille
812 2260 1071 2346 praefuit.
1097 2261 1284 2324 Certe
1308 2280 1368 2323 et
1396 2258 1560 2323 idem
1587 2258 1815 2335 hiatus,
1861 2263 1967 2343 qui
1992 2258 2069 2321 ab
2094 2262 2318 2325 Vossio

215 2342 696 2427 deprehenditur
750 2369 883 2431 pag.
938 2353 1055 2427 134
1103 2364 1240 2430 post
1291 2368 1512 2409 vocem
1544 2342 1840 2432 ἐπέχοντα,
1887 2362 1976 2407 est
2024 2348 2220 2407 etiam·
2253 2352 2315 2409 in

215 2428 648 2491 Holstenianis
680 2430 924 2513 Scymni
962 2432 1131 2493 Chii.
1166 2432 1309 2493 Hoc
1345 2448 1588 2493 tantum
1619 2434 1865 2493 interest
1887 2475 1906 2504 ,
1941 2428 2110 2513 quod
2153 2430 2320 2493 Hol-

212 2518 451 2577 stenius
484 2519 721 2578 acutior
758 2516 977 2579 Vossio
1013 2521 1281 2600 potuerit
1318 2530 1524 2579 versus
1549 2514 1746 2597 plures
1773 2534 2194 2577 annumerare.
2235 2514 2318 2579 Et

206 2601 301 2661 sic
332 2608 553 2662 'tamen
606 2618 847 2680 restare,
878 2601 1328 2685 deprehendas,
1382 2620 1540 2683 quos
1595 2616 1810 2661 neuter
1859 2597 2322 2663 aniniadvertit.

208 2681 475 2746 Interim
511 2688 719 2747 omnia
754 2686 1256 2749 administrantur
1280 2682 1364 2748 ad
1400 2684 1566 2745 hunc
1595 2681 1849 2744 modum
1873 2728 1891 2758 ,
1943 2701 2011 2744 ut
2048 2687 2186 2745 satis
2231 2685 2316 2746 le-

210 2767 425 2850 pidam
458 2775 813 2833 varietatem
843 2775 906 2833 in
986 2772 1215 2833 lurirnis
1251 2786 1613 2851 cognoscat,
1645 2771 1914 2853 quisquis
1954 2767 2192 2849 singula
2231 2773 2318 2831 in-

208 2859 495 2936 spexerit.
536 2853 609 2917 In
647 2879 773 2939 quo
810 2794 980 2918 illud2
1007 2860 1265 2938 contigit
1296 2877 1438 2917 sane
1469 2854 1835 2927 ridiculum,
1871 2851 2043 2935 quod
2072 2869 2135 2914 et
2161 2851 2318 2916 Vos-

208 2942 334 3000 sius
374 2961 508 3021 pag.
556 2960 666 3023 137
708 2964 739 3003 a
788 2937 1000 3003 nosc'at
1034 2930 1245 3002 “Tem
1277 2939 1614 3003 incolentes
1645 2934 1942 3019 Scythas,
1973 2958 2086 2999 nec
2114 2944 2314 3001 minus

206 3022 481 3085 eandem
527 3023 647 3088 loci
698 2962 1171 3109 adpellationem
1222 3025 1467 3107 evulget
1513 3022 1874 3085 Holstenius
1923 3027 2124 3107 pagin.
2155 3043 2314 3109 3793

206 3125 473 3193 uterque
501 3114 685 3171 etiam
721 3114 785 3173 in
815 3110 1047 3174 Latinis
1070 3110 1337 3173 fideliter
1367 3113 1789 3191 exprimentes.
1826 3105 1933 3169 Sic
1959 3130 2146 3192 quum
2177 3132 2312 3192 aga-

207 3211 343 3269 tur,
394 3192 599 3257 editur
640 3212 843 3259 tamen
884 3200 947 3257 in
990 3196 1413 3259 Holstenianis
1463 3192 1964 3275 castigationibus
2017 3190 2310 3276 Stephani

205 3300 353 3363 pag.
386 3295 509 3362 335
545 3303 559 3341 ε
598 3274 831 3365 [Ὕζλα
866 3280 1075 3367 legitur·
1115 3296 1377 3365 corrupte
1414 3280 1476 3341 in
1521 3279 1902 3363 descriptione
1936 3278 2124 3339 Ponti
2159 3301 2313 3341 αηο-

205 3369 365 3445 nymi
411 3369 819 3453 manuscripta
850 3366 895 3451 ].
945 3366 1185 3450 Utique
1232 3363 1527 3447 nequibat
1582 3367 1860 3445 ignorare
1904 3362 2312 3455 flolstenius‚

205 3448 366 3513 hanc
398 3456 701 3534 anonymi
727 3451 1197 3535 descriptionem
1226 3450 1303 3512 ab
1333 3448 1556 3513 Vossio
1595 3469 1720 3509 esse
1749 3444 1980 3509 editam
2000 3493 2018 3523 ,
2051 3468 2162 3509 nec
2200 3446 2317 3509 de-

205 3534 345 3597 buit
372 3540 674 3621 anonymi
704 3558 926 3599 vocare
951 3558 1023 3597 ea
1046 3536 1264 3609 verba,
1310 3556 1444 3617 quae
1467 3535 1592 3615 ipse
1627 3530 1867 3594 viderat
1900 3552 2025 3593 esse
2055 3530 2316 3611 Scymni

206 3619 382 3683 Chii.
433 3622 553 3683 Ista
596 3638 801 3683 autem
844 3620 1020 3693 huius
1074 3621 1329 3703 Scymni
1383 3616 1720 3698 fragmenta
1765 3618 1850 3677 sic
1891 3614 2315 3695 conglutinata

204 3707 465 3787 quando
490 3709 817 3789 contigerit
845 3700 1145 3768 Salmasio
1173 3708 1446 3766 nancisci
1483 3718 1543 3763 et
1572 3699 1734 3762 foliis
1772 3700 1887 3761 illis
1928 3702 2110 3781 potiri
2141 3746 2159 3775 ‚
2206 3722 2316 3762 au-

206 3791 339 3853 dire
374 3794 581 3875 placet
612 3814 684 3853 ex
722 3791 977 3875 epistola
1029 3788 1107 3851 Is.
1148 3787 1508 3851 Casauboni
1557 3800 1980 3849 cccccxvlu
2008 3829 2027 3857 ,
2079 3806 2201 3869 qua
2235 3784 2316 3847 ad

210 3875 585 3939 Salmasium
608 3882 829 3961 scripta
860 3876 1010 3938 libet
1043 3896 1335 3938 exornare
1378 3872 1539 3933 hanc
1577 3868 1947 3954 praefationis
1977 3886 2227 3952 partem.

438 4011 496 4055 ι.
1158 3998 1313 4073 χ’
1937 3997 1982 4044 L
