2809 4642
948 338 1036 389 m
1083 315 1583 391 ransom-zm.
2252 342 2297 409 9

225 433 474 525 oiim-53
523 442 622 515 ad.
640 441 956 509 eundem
998 444 1194 511 sedes
1229 440 1597 509 Beatorum
1623 491 1643 521 ‚
1682 438 1943 509 insulas
1976 427 2300 535 nimirum

225 542 376 613 illas
400 542 582 635 ipsas
621 540 1072 623 Fortunatam
1116 539 1202 613 ad
1232 546 1529 611 eundem
1550 594 1570 624 ,
1600 540 1901 611 fabulam
1934 538 2242 611 Platonis
2278 541 2293 571 ⁸

225 646 319 713 de
347 644 704 714 Atlantide
749 645 981 733 insula
1013 697 1032 729 ,
1085 668 1240 738 quae
1282 648 1501 736 major
1540 643 1745 714 fixerit
1774 643 1943 713 orbe
1978 643 2263 737 cognito
2280 688 2302 725 ,

228 770 431 837 quam
455 764 696 816 tamen
716 770 1024 817 oceanus
1053 747 1502 840 absorpserit3
1521 750 1607 817 ad
1631 750 1931 817 eundem
1950 744 2303 835 juniorum
2368 770 2377 783 ·

223 846 520 919 Platone
571 850 870 920 aliorum
919 848 1198 919 fabellas
1253 850 1461 943 plane
1511 850 1759 927 similes
1824 849 1956 918 sub
2006 846 2302 917 nomine

225 948 697 1021 Atlantiorum
718 1004 737 1036 ‚
791 976 832 1021 a
866 952 1120 1045 quibus
1151 971 1372 1022 ortum
1399 949 1637 1022 babuit
1653 954 1821 1021 situs
1842 948 2303 1045 Gorgonum,

227 1076 360 1145 qua
382 1072 596 1123 certae
633 1054 910 1152 regioni
947 1054 1404 1137 asserebatur,
1452 1078 1663 1147 quem
1691 1054 2139 1123 nihilominus
2174 1076 2305 1146 pro

229 1178 383 1225 vera
413 1160 734 1228 venditat
769 1157 1046 1227 historia
1080 1159 1183 1228 vir
1215 1158 1683 1248 doctissimum
1729 1158 1816 1226 ad
1848 1159 2146 1225 eundem
2182 1158 2307 1223 de-

231 1258 444 1351 nique
497 1276 570 1327 et
612 1259 798 1329 illam
854 1282 1142 1352 quoque
1203 1258 1547 1329 Plutarchi
1597 1258 1899 1329 fabulam
1948 1260 2036 1327 de
2086 1256 2307 1327 insula

237 1358 548 1457 Ogygia.
584 1360 689 1431 Ex
733 1363 834 1431 his
867 1379 970 1431 tot
999 1362 1330 1454 exemplis
1374 1359 1651 1430 abunde
1691 1360 2124 1432 manifestum
2163 1376 2302 1441 est,

236 1463 780 1555 receptissimum
818 1462 1031 1533 fuisse
1071 1462 1598 1545 fabulatoribus,
1639 1481 1717 1531 ut
1750 1485 2027 1531 scenam
2060 1459 2309 1529 fabulis

242 1583 596 1655 ponerent
633 1566 698 1633 in
727 1590 995 1636 oceano
1021 1618 1043 1649 ,
1079 1567 1447 1659 praesertim
1485 1564 1910 1635 occidentali.
1952 1562 2121 1631 Haec
2146 1586 2309 1633 vero

245 1663 475 1735 fabula
497 1690 620 1735 cur
643 1670 874 1761 potius
901 1670 1277 1751 occidenti,
1313 1691 1439 1737 cur
1462 1669 1662 1737 etiam
1687 1666 1911 1759 Libyae
1938 1666 2314 1763 assignare-

243 1786 381 1851 tur,
417 1787 564 1839 erat
587 1788 907 1863 praeterea
940 1772 1214 1865 propria
1235 1820 1254 1853 ,
1293 1790 1360 1839 et
1389 1796 1429 1839 e
1466 1771 1563 1839 rei
1593 1771 1805 1863 ipsius
1831 1787 2073 1858 natura
2100 1768 2311 1861 petita

240 1870 430 1941 ratio.
496 1872 796 1943 Infernis
849 1874 1036 1943 enim
1089 1872 1493 1944 numinibus
1554 1868 1927 1969 Gorgonas
1996 1886 2313 1941 accenset
2388 1888 2399 1898 ’

241 1974 520 2055 Maro²3
575 1976 876 2069 proinde
904 1976 1337 2045 tenebrarum
1371 1976 1590 2071 plaga:
1622 1992 1803 2045 recte
1829 1973 2310 2070 assignandas,

239 2093 314 2144 ut
349 2076 538 2148 bona
583 2079 878 2147 numina
925 2078 1164 2149 lucidis
1215 2079 1563 2173 assignare
1610 2079 1834 2147 solent
1882 2076 2308 2175 regionibus.

239 2176 397 2248 Erat
435 2198 766 2273 praeterea
812 2181 1134 2251 monstris
1161 2180 1434 2249 infamis
1471 2180 1716 2270 Libya,
1768 2202 1994 2271 eoque
2030 2179 2313 2247 nomine
2364 2269 2369 2277 q

237 2283 658 2372 portentosis
709 2284 1107 2374 hujusmodi
1161 2284 1557 2376 clypeorum
1594 2282 2153 2352 terriculamentis
2188 2304 2314 2371 ap-

241 2383 516 2453 tissima.
555 2384 768 2469 Haec,
810 2403 1019 2477 pute,
1066 2386 1303 2455 habuit
1332 2388 1407 2453 in
1437 2386 1669 2455 animo
1705 2386 2055 2467 Hesiodus
2090 2435 2109 2467 ,
2152 2404 2313 2452 cum

245 2484 746 2577 Hesperidibus
778 2489 1205 2581 propinquas
1245 2486 1617 2583 Gorgonas
1654 2486 1867 2557 fiaisse
1897 2487 2147 2556 statuit.
2180 2483 2318 2555 Sed

243 2590 559 2659 nondum
591 2589 845 2681 ‚Libyae
912 2591 1220 2659 meminit
1282 2592 1654 2660 Hesiodus.
1722 2590 1817 2657 Ea
1858 2606 2088 2667 tamen
2130 2610 2319 2658 -cum

239 2692 658 2787 geographis
681 2693 1168 2783 antiquissimis
1199 2711 1461 2785 partem
1490 2693 1673 2763 orbis
1698 2710 1859 2763 tunc
1884 2692 2031 2760 noti
2052 2691 2315 2759 tertiam
2373 2716 2379 2727 ·

241 2792 666 2889 designaret,
689 2789 1099 2885 ,junioribus
1139 2814 1368 2877 autem
1415 2814 1674 2889 partem
1718 2794 1943 2886 Libyae
1990 2794 2321 2887 antiquis-

243 2893 428 2963 simae
465 2898 798 2966 duntaxat
844 2898 1343 2967 occidentalem
1381 2924 1397 2977 ;
1461 2899 1624 2967 inde
1676 2894 1927 2968 factum
1960 2915 2055 2965 ·ut
2110 2897 2317 2965 aetatis

241 2996 546 3089 mythicae
583 3022 696 3067 res
727 2996 1098 3091 Hesperias
1126 3000 1202 3068 in
1245 3000 1457 3093 Libya
1492 2994 1869 3091 quaererent
1902 2998 2102 3092 primi
2133 2999 2321 3067 navi-

244 3116 552 3195 gatores,
597 3118 668 3169 et
701 3102 1044 3192 quidem
1025 3126 1097 3170 m
1138 3102 1364 3195 Libyae
1397 3123 1589 3197 parte
1620 3102 2049 3172 occidentali.
2084 3100 2319 3169 Coaevi

245 3201 436 3269 enim
463 3201 869 3272 Herodoto3
920 3205 1226 3300 AEgyptii
1282 3206 1670 3275 Perseum
1650 3228 1724 3273 m
1776 3202 2153 3301 Gorgonas
2193 3203 2322 3283 iter
2385 3234 2395 3241 ‘

246 3304 684 3374 meditantem
715 3329 842 3397 per
868 3306 1241 3401 AEgyptum
1281 3332 1366 3377 eo
1397 3309 1467 3377 in
1496 3307 1777 3400 Libyam
1810 3305 2253 3377 contendisse
2279 3328 2319 3373 a

245 3406 614 3495 majoribus
664 3425 1096 3500 acceperant.
1150 3406 1284 3478 Sed
1330 3410 1611 3479 ubinam
1656 3411 1781 3479 sita
1816 3427 1995 3479 esset
2032 3404 2319 3503 Gorgo-

251 3527 420 3575 num
413 3510 674 3605 regio,
706 3532 856 3578 non
884 3533 968 3579 ex
992 3512 1284 3581 historiis
1309 3500 1714 3605 exploratis,
1740 3514 1877 3581 sed
1894 3536 1932 3580 e
1956 3528 2316 3582 nautarum

249 3592 610 3682 ratiociniis
657 3614 1008 3681 hausere'
986 3614 1334 3702 juniores.-
1328 3613 1455 3683 -Ita
1485 3615 1671 3684 enim
1702 3615 1975 3686 evenire
2024 3632 2320 3691 consen-

253 3832 260 3839 ·
332 3760 492 3821 ¹.Piat
523 3762 948 3830 wm.t0m.111,
985 3761 1176 3843 Ρ.24·
1205 3784 1292 3839 25.
1331 3766 1461 3826 Crit.
1491 3766 1564 3826 ib.
1598 3788 1649 3845 p.
1686 3788 1819 3842 ¹¹3»
1853 3766 1909 3823 E.
1970 3797 2044 3811 -
2114 3760 2319 3836 ²Virg.

260 3834 481 3911 AEmlv,
503 3863 552 3899 v,
573 3842 706 3919 289.
733 3788 1074 3897 —3Herod.
1105 3856 1177 3910 11,
1211 3862 1300 3915 9¹·
