2809 4642
905 340 1044 391 ,ιη
1105 337 1597 392 Hannonem,
2218 341 2307 410 73

183 495 188 499 -
235 446 590 514 veritatem
614 461 687 513 ut
704 444 942 536 saepius
957 443 1336 540 obtegunt,
1371 444 1464 510 ita
1480 443 1907 534 quandoque
1940 441 2311 510 declarant.

243 547 489 616 Paullo
519 544 1104 632 infravidebimus
1141 569 1226 614 ex
1254 544 1553 613 Nonno¹
1590 544 1937 638 adpulisse
1962 541 2312 612 Cadmum

205 695 208 698 -
239 650 316 716 in
335 649 609 740 Libyam
623 699 648 730 .‚
681 667 748 717 et
774 649 1078 718 colonias
1109 648 1206 717 ibi
1227 665 1389 716 ante
1414 647 1647 720 Persei
1668 671 1885 716 aevum
1910 645 2309 714 instituisse.

237 750 454 842 Atqui
490 753 726 844 elapso
754 750 1114 820 intervallo
1141 748 1487 819 Cadmum
1514 751 1713 829 inter,
1744 749 2127 820 Thebarum
2154 769 2309 815 con-

233 855 526 922 ditorem
575 878 764 922 anno
809 854 1086 926 circiter
1115 854 1334 947 15490
1385 875 1547 921 ante
1579 851 1931 920 Christum
1957 900 1975 931 ,
2034 868 2103 919 et
2148 849 2311 918 Per-

153 1030 157 1036 ,
229 979 426 1024 seum
451 957 878 1025 coloniarum
897 959 1148 1026 ducem
1179 979 1370 1024 anno
1403 953 1653 1040 14480,
1684 952 1903 1024 Graeci
1926 951 2312 1049 pergebant

165 1073 168 1076 ’
227 1082 392 1127 cum
424 1059 862 1136 Phoenicibus
886 1060 1069 1138 haud
1097 1059 1312 1128 dubio
1345 1059 1635 1128 misceri.
1670 1056 1803 1126 vix
1822 1056 2145 1126 credibile
2172 1071 2307 1136 est,

227 1161 474 1230 subito‘
488 1180 644 1254 post
676 1160 1021 1229 Cadmum
1047 1158 1471 1229 intercidisse
1500 1162 1690 1252 apud
1713 1157 1987 1256 Graecos
2020 1159 2309 1226 lustratae

228 1262 464 1354 Libyae
493 1264 918 1331 memoriam.
947 1261 1168 1328 Fuere
1197 1259 1435 1328 forsan
1479 1279 1785 1352 tempora
1802 1271 1835 1341 ,“
1857 1283 2070 1352 quum
2102 1261 2309 1348 hujus

227 1367 548 1460 regionis
602 1365 802 1432 litora
849 1362 1156 1457 gaditani
1212 1357 1364 1429 freti
1426 1360 1654 1430 vicina
1709 1361 1963 1438 nuliius
2024 1363 2308 1430 omnino

231 1469 472 1561 gentis
511 1465 811 1532 stabilito
853 1463 1146 1556 imperio
1190 1481 1547 1555 parerent,
1610 1465 1732 1530 sed
1763 1463 2085 1554 emporiis
2125 1463 2312 1530 navi-

235 1568 562 1660 gantium
631 1565 1094 1657 quorumlibet
1166 1562 1358 1633 facile
1426 1583 1841 1634 tenerentur.
1907 1562 2017 1632 Sic
2087 1581 2314 1655 aperte

233 1671 580 1738 denotant
605 1669 892 1764 vulgata:
917 1671 1006 1736 de
1034 1667 1286 1738 Perseo
1320 1666 1564 1736 fabulae
1589 1719 1607 1750 ,
1655 1669 1845 1735 hunc
1873 1668 2097 1735 virum
2132 1666 2319 1757 prin-
2422 1695 2437 1702 ·

231 1773 501 1863 cipem‚
531 1789 896 1862 antequam
929 1771 1202 1866 Argivis
1231 1772 1683 1863 imperitaret,
1720 1793 2069 1866 magnum·
2076 1768 2203 1836 iter
2230 1769 2319 1836 ad

230 1874 696 1948 occidentales
727 1875 1102 1964 (incertum
1148 1872 1565 1965 quousque)
1606 1873 1845 1968 plagas
1892 1872 2310 1963 suscepisse,

232 1994 301 2045 et
343 1977 748 2069 aliquandiu
789 1976 885 2044 ibi
917 1977 1359 2068 imperitasse.

608 2195 656 2248 S.
695 2183 786 2240 lV.
819 2184 1128 2261 „Aliegorica
1147 2184 1216 2240 de
1231 2184 1417 2241 Perseo
1438 2181 1615 2242 fabula
1631 2185 1941 2264 explicatur.
2116 2239 2123 2247 ,

2077 2266 2100 2295 0

343 2364 728 2457 Supersunt
773 2390 962 2434 nunc
998 2363 1244 2434 fabulae
1277 2367 1439 2459 ipsae
1465 2417 1484 2449 ‚
1539 2391 1829 2458 quarum
1872 2387 2161 2436 sensum
2184 2414 2201 2443 ‚
2260 2366 2317 2434 si

237 2485 410 2560 pote
449 2486 593 2550 est,
657 2468 896 2536 elicere
931 2491 1288 2539 conemur.
1323 2468 1408 2538 Et
1450 2471 1749 2562 primum
1792 2487 1925 2538 tres
1966 2468 2093 2536 illae
2125 2464 2311 2544 Gor·
2400 2485 2409 2506 ’

238 2593 468 2665 gones
499 2619 518 2650 ,
574 2567 863 2645 Stheno,
921 2571 1204 2661 Euryale
1233 2620 1250 2650 ,
1309 2571 1745 2662 Medusaque
1775 2618 1793 2649 ,
1847 2591 2139 2662 quarum
2190 2593 2317 2660 po·-

237 2689 490 2740 strema
527 2695 566 2740 a
605 2672 855 2742 Perseo
882 2691 1208 2754 necatur,
1260 2673 1431 2740 nihil
1463 2695 1835 2740 commune
1871 2673 2125 2742 habent
2156 2695 2315 2740 cum

236 2773 456 2845 t‘ribus
494 2771 811 2856 Gorillis‚
855 2797 1142 2865 quarum
1175 2775 1440 2844 Hanno
1480 2775 1833 2854 meminit;
1886 2777 2081 2894 quod
2115 2775 2311 2842 lucu-

237 2877 484 2956 lenter,
522 2901 632 2944 me
664 2877 932 2966 judice,
969 2877 1213 2969 probat
1247 2862 1731 2959 Doduoellus²
1738 2879 2104 2968 ,quamvis
2134 2865 2317 2946 illius

238 2979 596 3052 sententiae
641 3003 866 3070 nuper
897 2982 1383 3074 repugnaverit
1415 2981 1691 3050 doctiSS.
1738 2979 2069 3050 Falconer
2115 2979 2165 3047 ³.
2204 2981 2315 3048 Et·

240 3080 434 3154 enim
467 3079 692 3150 forsan
727 3082 1130 3153 crediderim
1167 3081 1467 3154 Gorillas
1510 3084 1925 3178 excogitatas
1964 3081 2173 3152 fuisse
2228 3085 2313 3150 ad

187 3259 199 3270 ,
235 3183 618 3278 imaginem
663 3180 1118 3280 Gorgonum,
1157 3187 1219 3254 'si
1259 3185 1565 3278 periplus
1611 3186 1719 3256 hic
1776 3204 2009 3254 noster
2064 3209 2315 3278 nuper·-

235 3288 410 3358 1ime
460 3285 794 3356 conflatus
839 3305 1046 3368 esset,
1093 3307 1162 3356 et
1205 3313 1334 3381 pro
1373 3285 1545 3372 falso
1591 3289 1989 3366 habendum
2046 3292 2166 3367 sed
2201 3289 2315 3356 tali
2425 3311 2433 3316 ’

236 3389 498 3478 judicio
523 3390 580 3456 is
605 3391 882 3458 minime
907 3391 1267 3462 assentitur
1285 3441 1304 3472 ‚
1327 3391 1451 3482 qui
1476 3408 1621 3466 tum
1644 3391 2015 3460 Hannonis
2047 3390 2315 3482 periplo

239 3487 449 3558 fidem
499 3491 822 3561 tantillam
865 3492 1206 3573 adhibuit,
1253 3510 1399 3570 tum
1450 3491 1839 3564 Graecorum
1887 3493 2317 3580 Hesiodique

241 3594 680 3688 geographiae
709 3612 930 3663 certos
969 3594 1259 3678 limites,
1301 3619 1431 3689 pro
1472 3619 1753 3688 quaque
1781 3613 1972 3665 aetate
2000 3645 2019 3676 ‚
2060 3593 2313 3686 posuit.

321 3761 485 3817 ¹Vid.
517 3763 692 3868 paullo
713 3759 866 3820 msra
897 3776 941 3828 S.
961 3761 1014 3818 V
1021 3787 1108 3842 ‚.p
1131 3767 1221 3840 76.
1281 3795 1355 3810 --
1436 3763 1680 3821 'Dissem
1714 3768 1763 3820 in
1797 3761 2314 3826 Hann.ss.11-Vss1.

245 3867 316 3877 —
359 3835 379 3870 ³
405 3835 517 3892 The
554 3837 668 3909 ΡΨ.
688 3839 752 3916 of
759 3839 946 3896 Hanno
973 3841 1191 3898 translat.
1215 3862 1266 3918 p.
1291 3850 1384 3911 41,
1404 3834 1479 3919 sq.
1504 3839 1755 3906 London,
1789 3855 1942 3912 1797.

1008 4111 1014 4158 l
