2809 4642
224 3318 230 3325 Δ
277 3258 282 3263 ’
364 3292 368 3297 ,
417 3232 637 3320 πρᾳιόυς
675 3238 1037 3320 Βῖτεὼοηὶεχ
1077 3262 1268 3324 quum
1298 3240 1512 3305 Strabo
1547 3240 1701 3321 (lib.
1732 3257 1850 3315 v1,
1880 3262 2013 3323 pag.
2042 3256 2155 3303 20'1
2190 3242 2211 3321 )
2250 3240 2511 3303 Leuter-

443 336 591 431 348
803 410 808 419 ,
1151 352 1784 411 AnNo‘rArioNEs

428 476 703 536 μεσξημα
731 456 919 519 totius
955 452 1034 518 de
1070 446 1299 534 majore
1331 455 1573 519 Graecia
1596 457 1889 518 sermonis
1918 471 1979 517 et
2008 459 2167 517 sicut
2194 452 2522 534 Hsvmze'ic,

435 560 593 623 quos
632 561 938 623 perperam
991 544 1054 601 in
1095 538 1348 609 Hnoe'mc
1389 545 1585 602 m‘utat
1623 538 1985 614 Cluverius,
2030 561 2256 601 nomen
2304 539 2529 622 gentile

434 640 528 685 est
561 628 724 687 intra·
755 632 1046 706 majorem
1077 623 1419 698 Graeciam,
1456 628 1539 686 ita
1578 648 1683 707 per
1707 622 1996 703 Βορεονᾶἶνοι
2034 622 2312 685 similiter
2350 624 2529 691 intel-

430 707 619 789 ligere
659 708 900 771 videtur
943 708 1235 792 populum
1272 726 1422 771 tunc
1456 712 1617 771 iuter
1654 713 1987 791 praecipuos
2026 714 2152 787 ejus
2188 708 2379 791 plagae
2420 731 2523 771 ce-

431 791 684 854 lebrem.
727 794 894 859 Huic
935 793 1089 855 nihil
1120 798 1362 877 propius
1399 795 1679 855 substitui
1714 811 1912 877 potest
1946 812 2160 876 praetet
2202 791 2526 875 Βρενπᾰῐνοι.

436 875 833 939 Brundisium
886 883 1048 939 enim
1104 877 1229 958 illic
1278 895 1366 939 est
1418 882 1835 960 antiquissima
1892 877 2071 952 urbs,
2120 896 2181 939 et
2228 876 2341 939 sub
2404 882 2521 939 isto

433 964 687 1023 nomine
719 961 1324 1044 ⁴comprehenduntur
1363 961 1635 1034 Calabri.
1672 956 1935 1043 Λατέρηω
1979 966 2123 1023 item
2161 966 2271 1044 qui
2302 962 2525 1023 hic-di-

437 1062 691 1121 cuntur,
740 1046 894 1108 nulli
930 1066 1104 1119 sunt,
1152 1051 1266 1111 nisi
1305 1050 1551 1107 mutatis
1590 1046 1775 1108 literis
1820 1044 2079 1109 eosdem*
2116 1063 2321 1128 putes,
2369 1068 2523 1129 quos

439 1126 778 1211 Λευπρνίους
809 1130 1069 1215 appellat
1107 1129 1328 1193 Strabo
1357 1130 1463 1193 lib.
1500 1148 1618 1205 vl,
1654 1152 1788 1212 pag.
1812 1128 1963 1202 281,
1995 1148 2173 1212 prout
2210 1134 2523 1211 regionem

437 1210 774 1293 Λςυπρνίανς
808 1238 916 1299 pro
963 1237 1086 1299 quo
1116 1208 1428 1297 Λευπίρηοίςζ
1466 1232 1527 1277 et
1575 1207 1870 1296 Aevan‘d
1901 1214 2137 1276 dixerat
2178 1212 2523 1297 Stephanus

435 1301 502 1359 in
537 1286 1002 1375 voc.’A›u».n‘1''oe,
1043 1316 1110 1360 ut
1140 1322 1262 1361 non
1306 1321 1509 1382 passus
1552 1298 1897 1381 fuit‘perire
1930 1321 2001 1360 ea
2036 1298 2222 1362 verba
2257 1298 2387 1360 illic
2415 1320 2522 1361 ac-

436 1386 844 1445 curatissimus
905 1382 1233 1446 Berkelius.
1285 1376 1606 1464 Λευπιρνίαι
1655 1404 1901 1467 quoque
1964 1386 2207 1446 vocavit
2260 1382 2523 1445 Tzetzes

434 1470 652 1528 citatus
679 1468 990 1531 Cluverio
1030 1467 1137 1530 lib.
1181 1485 1260 1533 lv
1299 1466 1503 1541 Italioe
1538 1485 1667 1530 ant.
1706 1490 1765 1551 p.
1807 1486 1982 1546 1271.
2025 1469 2267 1551 Horum
2296 1472 2519 1551 posteri

430 1572 576 1614 sane
613 1552 953 1614 habuerunt
983 1548 1152 1620 suam
1183 1558 1484 1636 propriam
1522 1570 1583 1613 et
1621 1552 1699 1613 ab
1737 1556 1967 1614 caeteris
2007 1552 2353 1614 distinctam
2402 1551 2521 1612 lin-

428 1656 633 1715 guam.
672 1636 858 1699 Porro
896 1641 960 1697 in
997 1659 1152 1699 voce
1176 1636 1449 1714 Ἀρίονος,
1478 1658 1597 1721 qua
1622 1635 1975 1717 Garganum
2012 1635 2267 1718 intelligi
2309 1641 2522 1700 statuit

432 1718 790 1795 Cluverius,
827 1726 1040 1807 'nequit
1077 1742 1205 1785 esse
1243 1720 1537 1795 dubium,
1576 1724 1723 1803 quin
1764 1720 2025 1783 resideat
2061 1715 2241 1789 Agim
2286 1744 2523 1793 memo-

429 1822 592 1866 ratus
627 1804 916 1868 Straboni
944 1806 1048 1867 lib.
1077 1822 1156 1872 vl
1177 1852 1195 1881 ,
1277 1827 1368 1889 ag.
1395 1806 1540 1883 284.
1574 1806 1925 1869 Gronovius.
2414 1865 2425 1877 ,

511 1891 707 1972 Atqui
745 1891 894 1951 mihi
933 1888 1176 1953 videtur
1211 1828 1566 1953 gronovius
1614 1889 1893 1951 Cluverii
1940 1886 2001 1951 e't
2044 1888 2249 1951 Vossii
2290 1910 2519 1951 errores

425 1970 660 2056 aliquot
683 1968 990 2050 refellere,
1022 1976 1125 2037 sed
1163 1992 1224 2036 et
1256 1973 1619 2041 refellendos
1654 1978 1838 2059 ipsius
1874 1972 2127 2037 tradere.
2170 1972 2519 2057 Quousque

423 2058 821 2201 protendatur
855 2058 1110 2121 Daunia
1147 2058 1311 2144 apud
1349 2057 1671 2143 Scylacem
1707 2082 1829 2121 non
1864 2063 2001 2120 satis
2040 2056 2336 2121 adtendit.
2377 2057 2513 2122 Sci-

449 2145 588 2203 icet.
619 2165 656 2203 a
698 2163 908 2205 monte
943 2144 1186 2207 Drione
1222 2143 1320 2205 vel
1359 2145 1628 2219 Arione,
1672 2142 1987 2227 usquead
2044 2142 2351 2217 Umbros,
2406 2148 2515 2227 qui

421 2224 734 2297 Daunitas
795 2232 1070 2311 proxime
1135 2233 1447 2311 excipiunt
1505 2232 1974 2311 septentrionem
2027 2250 2227 2290 versus
2264 2274 2283 2301 ‚
2346 2228 2514 2289 nulla

421 2308 648 2373 dantur
686 2310 863 2375 litora
905 2331 1118 2397 praeter
1153 2314 1589 2375 Daunitarum.
1632 2312 1799 2393 Ergo
1851 2329 2048 2374 totum
2074 2312 2213 2373 -hoc
2251 2312 2513 2373 Daunia

368 2460 372 2469 ,
420 2398 548 2478 ipsa
589 2416 696 2459 est.
734 2397 999 2480 Oportet
1033 2402 1218 2481 igitur
1251 2398 1567 2459 Laternios
1593 2444 1610 2473 ,
1644 2394 1881 2479 Opicos
1903 2442 1919 2470 ,
1960 2396 2296 2459 Cramones
2322 2443 2339 2470 ,
2382 2397 2509 2458 Bo·-

419 2476 760 2558 reontinos,
811 2482 1128 2544 Peucetios
1164 2488 1392 2563 (recte,
1426 2502 1689 2565 pravene
1722 2480 2141 2564 scribantur),
2166 2480 2509 2544 hoc'inter·

419 2562 651 2626 vallum
695 2566 873 2627 latius
912 2564 1178 2648 implere.
1217 2566 1793 2629 Animadvertamus
1830 2564 2032 2627 obiter
2069 2582 2310 2647 oportet
2352 2565 2511 2648 Scy-

418 2647 613 2711 lacem
655 2671 688 2710 a
728 2656 1136 2733 septentrione
1184 2650 1283 2711 hic
1319 2654 1747 2733 incipientem,
1797 2648 1906 2711 hos
1938 2653 2209 2733 quinque
2246 2650 2510 2732 populos

419 2730 524 2794 ἐπ’
559 2731 810 2803 nimrim(
842 2733 1076 2797 referre.
1120 2734 1298 2811 Quid
1336 2739 1519 2817 igitur
1553 2752 1717 2797 vetat
1763 2728 2081 2795 Laternios
2127 2756 2237 2817 pro
2288 2734 2511 2796 Aterni

417 2815 595 2879 fluvii
649 2819 860 2881 incolis
893 2866 909 2894 ,
959 2820 1194 2903 Opicos
1239 2842 1340 2882 seu
1383 2820 1581 2881 Oscos
1616 2840 1725 2901 pro
1760 2822 2061 2900 contiguis
2104 2817 2183 2879 ad
2244 2816 2509 2900 Sagram

417 2900 676 2963 fluvium
697 2950 712 2977 ‚
751 2904 1090 2966 Cramones
1132 2926 1242 2985 pro
1279 2902 1544 2965 Tifernii
1587 2903 1761 2965 fluvii
1798 2904 2058 2977 accoliS,
2098 2900 2511 2965 Boreontinos

417 3006 521 3045 seu
555 2986 919 3065 Frentanos‚
947 3006 1014 3049 ut
1039 2989 1555 3063 aiebat'Vossius.,
1578 3010 1693 3070 pro
1730 2988 1934 3049 Frenti
1974 2987 2229 3059 accolis,
2271 2987 2513 3049 Peuce-

415 3073 534 3131 tios
559 3070 806 3135 tandem
832 3095 940 3135 ceu
968 3078 1272 3155 regionem
1299 3076 1459 3137 circa
1482 3072 1795 3135 Luceriam
1822 3090 2121 3145 tenentes,
2150 3072 2503 3135 admittere!

416 3154 712 3217 Ceterum
747 3156 894 3238 quid
931 3156 1286 3220 Gronovius
1319 3150 1631 3238 Λαπρνίυυς
1662 3156 1907 3219 eosdem
1940 3177 2064 3218 esse
2094 3155 2225 3217 vult
2252 3177 2322 3217 ac
2360 3167 2513 3216 Λευ-

413 3328 550 3387 nios
585 3348 722 3387 suos
763 3330 824 3386 in
858 3328 1050 3409 spatio
1092 3330 1248 3387 inter
1289 3328 1633 3389 Tarentum
1679 3344 1739 3388 et
1774 3324 2189 3407 'Hydruntum
2230 3325 2506 3387 colloca-

411 3413 594 3483 verit,
651 3410 877 3492 Scylax
911 3428 1120 3472 contra
1145 3429 1235 3473 sat
1273 3410 1585 3494 proculab
1626 3409 1959 3493 Hydrunte
1988 3409 2307 3471 Dauniam
2351 3414 2513 3471 inci·

405 3498 674 3575 pientem
703 3495 1136 3579 Laterniosque
1163 3495 1510 3558 recedentes
1543 3497 1927 3579 expresserit}
1954 3492 2117 3557 Vide
2132 3490 2291 3555 infra
2314 3492 2505 3556 aliam

410 3576 490 3639 de
523 3578 1054 3662 nominibuseillis
1091 3586 1529 3659 conjecturam.
1695 3596 1703 3599 “

419 3717 424 3721 .
492 3660 594 3741 6ς.
613 3662 891 3733 Διήκονπς
913 3660 1019 3729 Σπδ
1043 3661 1098 3725 ‘ni
1125 3665 1229 3748 T.]
1259 3665 1453 3741 Quae,
1500 3669 1547 3727 si
1570 3664 1841 3748 pendent
1862 3687 1987 3727 non
2014 3680 2249 3729 tantum
2280 3684 2314 3723 a
2342 3672 2500 3723 Πευ-

405 3732 616 3827 uvrcfi‘c,
651 3747 756 3810 sed
784 3767 844 3811 et
874 3772 908 3811 a
941 3748 1423 3832 praecedentibus
1468 3750 1753 3834 gentibus
1782 3795 1798 3822 ,
1838 3748 1983 3813 alias
2018 3760 2268 3833 prorsus·
2294 3769 2505 3809 emen-

402 3830 681 3894 dationes
719 3838 782 3894 in
824 3838 1128 3919 superiore
1166 3835 1306 3897 loco
1341 3849 1652 3919 reposcere
1687 3824 1991 3903 videntur.
2034 3833 2199 3896 Nam
2246 3828 2504 3899 eosdem

396 3916 654 4000 populos
689 3917 899 3983 saltem
940 3942 1012 3983 ex
1047 3938 1246 4005 parte,
1275 3925 1338 3982 in
1377 3924 1689 4005 utriusque
1718 3923 1897 3981 maris
1927 3919 2103 3981 litore
2132 3920 2503 4000 reperiamus
