2809 4642
893 442 898 449 .
1021 293 1789 432 EplhsToLAE

423 560 428 567 '
537 548 772 657 ET
883 546 2201 659 PRAEFATlo-NES

714 816 1120 867 Pmolunus
1165 818 1665 869 Enrrlomnus
1711 814 2075 866 PRAEPIXAE.

2150 1032 2451 1066 m

443 1229 903 1316 sigismundus
951 1234 1479 1385 GEL⁸N¹U3·(¹)
1522 1234 1833 1387 SAnselmo
1874 1232 2315 1306 Ernolutw,

1197 1340 1298 1383 me
1347 1342 1489 1396 ico,
1575 1368 1592 1382 .

325 1528 880 1645 Communes
923 1568 1208 1643 Graecos
1259 1593 1453 1643 oram
1500 1568 1690 1643 orbis
1720 1567 2107 1644 habitabilis
2129 1616 2151 1648 ,
2194 1564 2452 1635 mariti-

331 1694 748 1765 marumque
781 1675 1168 1772 regionum
1203 1675 1687 1747 lustrationem
1712 1724 1735 1759 ,
1782 1694 1995 1769 quam
2032 1670 2133 1741 illi
2162 1669 2451 1765 πιρίπλω

327 1794 624 1860 vocant,
647 1779 1010 1873 scripsisse
1027 1828 1050 1861 ,
1095 1778 1210 1851 vel
1233 1804 1319 1853 ex
1349 1778 1583 1851 indice
1606 1777 1817 1851 Plinii
1845 1776 2105 1847 clarum
2134 1791 2237 1844 est
2269 1798 2287 1842 z
2322 1770 2450 1865 qui

326 1898 570 1951 tamen
607 1904 854 1952 omnes
897 1906 1093 1953 nunc
1127 1885 1630 1955 desiderantur.
1684 1882 1931 1968 Quare
1971 1902 2063 1949 ne
2104 1880 2232 1948 hac
2270 1898 2451 1971 quo-

327 2008 483 2077 que
522 1986 939 2081 cognitione
986 1988 1277 2057 studiosi
1308 1988 1569 2059 diutius
1604 2003 1916 2071 careant,
1963 2008 2055 2055 en
2092 1981 2327 2076 prodit
2361 2002 2450 2054 ex

332 2082 622 2157 officina
649 2088 1088 2161 'frobeniana
1135 2088 1350 2161 Flavii
1387 2092 1660 2163 Arriani
1697 2091 1774 2161 in
1821 2091 1958 2159 hoc
1995 2109 2255 2185 genere
2288 2083 2452 2154 scri·
2540 2138 2547 2145 .

331 2210 540 2286 ptum
567 2216 736 2261 sane
765 2211 1188 2265 accuratum.
1223 2194 1292 2265 Is
1319 2195 1625 2271 Romani
1647 2195 1934 2287 quidem
1966 2190 2099 2261 fuit
2126 2190 2401 2287 generis
2426 2238 2450 2273 ,

335 2298 468 2365 sed
497 2292 754 2367 'Graeca
805 2298 1210 2391 eloquentia
1256 2296 1515 2369 Graecis
1552 2299 1721 2393 ipsis
1766 2322 1920 2369 non
1966 2294 2251 2365 inferior
2295 2316 2315 2360 ι
2367 2312 2449 2361 ac

333 2397 810 2492 Cappadociae
839 2426 1089 2496 praeses
1121 2403 1254 2473 sub
1285 2402 1633 2485 Adriane,
1665 2421 1745 2473 ut
1768 2399 2171 2497 Spartianus
2204 2394 2444 2479 refert,

338 2526 507 2571 eam
539 2505 966 2597 provinciam
1000 2506 1090 2575 ab
1117 2508 1634 2577 incursionibus
1660 2506 2104 2577 barbarorum
2135 2498 2451 2599 gnaviter

333 2624 600 2677 tutatus
645 2626 770 2678 est.
807 2610 1076 2681 Hanno
1108 2614 1276 2681 vero
1308 2612 1531 2695 simile
1558 2628 2049 2707 argumentum
2078 2630 2167 2676 eo
2200 2603 2449 2695 majori

330 2708 486 2779 fide
529 2713 872 2797 tractavit,
931 2716 1130 2806 quod
1170 2715 1320 2809 ipse
1367 2717 1433 2785 ei
1471 2713 1903 2813 navigationi
1948 2732 2099 2781 non
2138 2704 2449 2779 interfuit
2524 2716 2533 2725 ‘

331 2814 610 2899 solum,
650 2819 778 2886 sed
802 2817 1072 2911 praefuit
1106 2846 1124 2887 z
1160 2842 1295 2889 nec
1329 2818 1601 2889 Plinius
1638 2840 1802 2889 eum
1840 2834 2086 2889 testem
2116 2834 2450 2907 asperna-

331 2936 481 2987 tur.
517 2918 604 2987 Et
628 2922 754 2989 hos
782 2923 1071 3015 quidem
1097 2925 1272 2993 duos
1291 2976 1312 3007 ,
1347 2924 1461 2993 vel
1486 2925 1583 2998 ob
1602 2924 1917 3016 ipsorum
1940 2936 2350 2993 vetustatem
2378 2933 2451 2985 et

330 3025 752 3119 argumenti.
785 3027 1168 3109 raritatem,
1209 3026 1319 3097 vel
1357 3031 1557 3120 quod
1602 3028 1739 3097 hoc
1774 3025 2023 3097 saeculo
2070 3024 2247 3095 adeo
2298 3044 2457 3099 non

323 3127 414 3195 in
445 3126 740 3221 publico
781 3130 946 3214 visi,
996 3148 1076 3199 ut
1108 3154 1198 3201 ne
1239 3132 1579 3224 expectati
1612 3129 2122 3223 quidemsint,
2154 3126 2448 3223 gratiam

327 3232 536 3323 apud
559 3232 894 3321 lectorem
927 3234 1284 3305 habituros
1330 3235 1528 3305 facile
1567 3234 1869 3305 adducor
1904 3251 1983 3302 ut
2037 3231 2445 3301 existimem.

331 3334 692 3405 Caeterum
763 3334 1123 3408 Strabonis
1193 3358 1513 3434 excerpta
1577 3339 2081 3433 compendiosa
2146 3333 2449 3405 brevitas

327 3440 888 3512 commendabit.
937 3440 1386 3513 Plutarchum
1431 3467 1595 3515 vero
1634 3446 1855 3527 hunc,
1898 3440 2445 3511 Chaeronensem

321 3543 524 3613 illum
557 3568 714 3613 non
753 3570 906 3615 esse
933 3547 1126 3627 stilus
1165 3548 1322 3617 satis
1352 3549 1607 3645 arguit3
1645 3566 1715 3617 et
1744 3545 2008 3638 alioqui
2038 3542 2281 3613 titulus
2314 3562 2447 3609 nu-

319 3648 892 3742 dumPlutarchi
915 3675 1182 3723 nomen
1213 3652 1419 3722 habet
1462 3679 1478 3721 :
1514 3670 1811 3723 attamen
1847 3652 2027 3721 hunc
2054 3667 2337 3741 quoque
2362 3666 2449 3713 ex

399 3844 480 3917 (ι)
537 3842 759 3899 Primus
803 3838 1080 3899 Hannonis
1120 3859 1176 3902 et
1219 3836 1448 3901 aliorum
1491 3841 1927 3921 geographorum
1971 3836 2158 3893 editor.
2204 3832 2415 3891 Basileae
2441 3879 2455 3903 ,

309 3938 462 3977 anno
494 3942 510 3975 ι
525 3937 602 3996 53
616 3939 669 3995 3.
