2809 4642
348 487 383 527 ¹·

468 323 493 366 1
517 299 607 370 88
998 317 1430 372 Donwssrm
1475 317 2043 382 ιιιεειιιιτΑτιο

459 420 751 494 auctoris
775 419 1067 514 alicujus
1088 424 1538 524 antiquioris‚
1569 425 1803 513 cujus,
1833 425 1906 492 in
1933 447 2014 494 ea
2047 423 2288 496 saltem
2311 425 2550 520 peripli

455 542 683 617 parte,
730 523 959 598 fidem
980 544 1261 601 secutus
1294 519 1501 604 fuerit
1547 528 1696 621 ipse
1735 524 1996 619 Scylax
2046 527 2214 598 Huc
2249 552 2388 625 ego
2425 553 2546 622 po·-

346 616 361 630 ⁸
455 628 593 700 tius
638 630 984 701 retulerim
1030 647 1165 702 tam
1224 631 1351 702 sibi
1400 633 1954 703 dissentaneam
1947 632 2230 724 operis
2221 633 2544 703 universi

450 733 860 806 methodum
888 784 921 817 2
946 749 1159 828 quam
1190 757 1456 826 eoquo
1483 735 1912 814 referendam
1955 736 2227 806 censuit
2253 753 2542 828 uterque

454 833 776 908 Vossius,
812 837 1041 922 Quasi
1070 839 1436 922 nimir-um,
1465 861 1620 910 cum
1653 841 1725 909 in
1765 861 1958 914 more
1983 857 2342 932 receptum
2377 857 2549 919 esset

456 942 647 1033 apud
668 941 1082 1013 recentiores
1106 939 1521 1024 Graecos,·ut
1547 941 1976 1015 collectanea
1999 967 2040 1012 e
2060 943 2348 1028 diversis
2377 946 2550 1034 ejus*

454 1045 617 1117 dem
666 1045 1061 1142 argumenti
1092 1063 1405 1117 veterum
1436 1046 1703 1140 scriptis
1733 1047 1822 1119 in
1842 1070 2068 1116 unum
2102 1070 2370 1140 corpus-
2393 1070 2549 1119 coa·-

453 1165 849 1233 cervarent,
882 1165 1028 1218 tum
1057 1149 1337 1220 demum
1365 1151 1896 1221 arecentissimo
1905 1153 2243 1242 ejusdem
2251 1150 2550 1220 nominis

348 1259 363 1272 ¹
453 1247 729 1342 Scylace
761 1252 1093 1350 prodierit
1120 1256 1253 1322 hoc
1283 1254 1493 1323 etiam
1510 1275 1767 1348 corpus
1783 1253 2208 1348 periplorum
2225 1278 2349 1348 per
2363 1277 2550 1324 mare

452 1353 1047 1426 Mediterraneum
1071 1358 1241 1428 univ
1245 1375 1498 1428 ersum.
1538 1356 1726 1427 Tum
1755 1358 2188 1478 geoponica‚
2221 1375 2364 1426 tum
2391 1377 2553 1428 stra·

448 1458 712 1554 tegica,
765 1477 915 1529 tum
965 1460 1399 1544 mechanica,
1447 1479 1594 1530 tum
1633 1463 1734 1532 rei
1789 1461 2243 1546 veterinariae,
2295 1461 2550 1554 accipi-

446 1563 702 1643 trariae,
743 1563 1209 1656 similiumque
1244 1565 1490 1635 artium
1528 1565 1921 1659 reipublicae
1969 1564 2548 1650 necessariarum,

446 1687 741 1760 corpora
792 1667 1130 1760 prodiisse
1178 1667 1518 1740 videmus.
1573 1667 1772 1740 Inde
1801 1686 2044 1742 natum
2105 1667 2546 1762 suspicantur

450 1769 843 1862 exemplum
891 1768 1199 1864 periples
1254 1772 1461 1842 etiam
1507 1772 1848 1843 in--unum
1891 1795 2168 1866 corpus
2199 1773 2507 1868 cogendi
2529 1821 2548 1852 ,

449 1895 597 1963 quo
631 1871 862 1956 illum,
908 1895 1122 1966 quem
1153 1875 1485 1953 habemus
1502 1925 1522 1958 ,
1573 1877 1926 1971 periplum·
1949 1875 2390 1962 concinnarit
2421 1898 2548 1944 nu-

442 1975 935 2068 perrimus.ille
980 1973 1241 2069 Scylax.
1280 1977 1419 2050 Sed
1455 1979 1630 2049 nihil
1679 1982 1901 2051 simile
1941 1979 2238 2054 occurrit
2283 1979 2378 2064 in,
2417 1980 2544 2048 ho-

444 2077 692 2148 dierno
730 2076 1037 2174 Scylace..
1071 2081 1518 2178 Principibus
1551 2102 1630 2153 ut
1673 2083 2050 2178 plurimum
2085 2105 2386 2176 corpora
2415 2082 2546 2152 ‚issa

445 2180 817 2269 debemus,
858 2208 1163 2278 quorum
1196 2188 1516 2266 omnium
1559 2188 1824 2280 primus
1861 2187 2552 2284 Justinianus.1eges.

444 2284 520 2354 in
561 2310 815 2381 corpus
847 2289 1271 2362 Triboniani-
1300 2315 1512 2386 opera
1553 2292 1955 2390 digesserit„
1977 2288 2090 2361 Sic
2127 2290 2318 2360 enim
2359 2313 2540 2387 geo·-

440 2392 703 2482 p‘onica‘
734 2391 1191 2464 Constantini·
1208 2395 1594 2490 cujuspiam
1618 2396 2020 2468 recentioris
2051 2393 2380 2486 auspiciis
2405 2394 2548 2464 col-

440 2492 617 2566 lecta
650 2496 974 2593 legimus.
1022 2496 1167 2570 Sic
1162 2500 1379 2570 etiam
1431 2522 1685 2592 corpus
1715 2499 2152 2572 historiarum
2186 2494 2546 2568 Constan-

440 2597 571 2668 tini
614 2598 1213 2700 Porphyrogeneti
1258 2607 1451 2697 jussu
1495 2620 1918 2700 congestum
1949 2579 2196 2672 fuissse
2237 2618 2543 2672 constat.

442 2699 586 2772 Hic
611 2703 883 2774 nullum
910 2708 1247 2802 princi-pis
1278 2731 1562 2801 prorsus
1590 2708 1964 2805 vestigium
1995 2723 2134 2789 est,
2168 2707 2310 2774 sed
2319 2705 2545 2774 homi-

442 2804 557 2877 nis
587 2813 1069 2882 tantummodo
1100 2812 1376 2905 privati
1411 2812 1528 2883 In
1551 2811 1958 2906 corporibus
2003 2809 2136 2879 illis
2177 2812 2550 2878 auctorum

438 2909 737 2982 nomina
774 2932 841 2982 et
878 2915 1093 2985 verba
1140 2916 1297 3008 ipsa=
1341 2935 1937 3034 repraesentantur.
1988 2912 2376 2986 Auctorum
2409 2961 2429 2994 ,
2507 2936 2556 2980 e-

441 3012 709 3102 quibus
736 3012 987 3108 Scylax
1008 3043 1132 3088 sua
1165 3020 1628 3140 excerpserit,
1655 3021 1751 3090 ita
1771 3013 2169 3114 catalogum
2199 3016 2551 3086 habemus

440 3115 748 3202 nullum,
766 3139 867 3189 -ut
900 3144 993 3190 ne
1040 3121 1325 3213 quidem
1368 3125 1688 3202 auctoris
1711 3124 1822 3197 vel
1859 3123 2098 3196 unius
2109 3118 2548 3196 nomen.1n

442 3222 859 3312 corporibus
889 3223 1019 3296 illis
1056 3227 1143 3294 de
1172 3227 1377 3310 rebus
1408 3227 1648 3304 iisdem
1691 3203 2120 3310 diversorum
2167 3242 2546 3294 auctorum

440 3327 796 3396 sententiae
829 3327 1293 3420 proferuntur.
1320 3331 1474 3400 Hic
1502 3323 1873 3426 plusquam
1907 3353 2118 3412 unam
2161 3331 2252 3398 de
2289 3329 2546 3400 eadem

436 3429 731 3523 regione
770 3434 1184 3506 sententiam
1231 3449 1574 3526 nusquam
1622 3436 1946 3532 legimus..
1989 3433 2075 3504 In
2109 3432 2256 3506 illis.
2285 3453 2548 3502 recen—

434 3529 689 3602 tiorum
737 3535 990 3628 pariter
1030 3560 1109 3607 ac
1152 3539 1621 3631 antiquiorum
1667 3540 1916 3633 scripta
1955 3538 2262 3611 invicem
2303 3559 2546 3653 copu-

433 3632 685 3726 Iantur.
736 3638 874 3708 Hic
928 3640 1133 3711 nihil
1143 3660 1246 3716 est
1305 3642 1590 3734 Polyhii
1624 3643 1861 3712 saltem
1905 3659 2096 3714 aetate
2159 3640 2540 3713 recentius.

432 3733 658 3807 Nullae
685 3763 971 3832 prorsus
992 3743 1461 3830 Alexandriae‘‚
1499 3746 1701 3817 n-ullae
1717 3713 2148 3830 Antiochiae,
2189 3740 2415 3825 nulla,
2453 3760 2551 3812 ut

430 3839 819 3921 observavit
858 3845 1261 3926 Gronovius
1296 3903 1315 3935 ‚
1371 3851 1838 3942 Lysimachia,
1887 3875 2000 3920 ne
2017 3849 2304 3942 quidem
2335 3847 2556 3918 locus
