2809 4642
1009 355 1100 408 m
1153 346 1651 408 Hannonem.
2280 357 2373 426 27

297 459 706 531 Ptolemaeus
719 477 885 530 non
917 441 1370 530 incommodo
1404 461 1697 530 nomine
1728 457 2025 530 fluvium
2064 441 2385 544 ουιὶλωα,

299 563 430 655 qui
446 557 640 634 ficire
657 563 880 658 possit
891 563 969 634 in
985 555 1228 632 Αὔιωια.
1245 564 1621 658 depravari.
1635 561 1775 633 Vix
1794 579 2401 656 puto-quenquam·

297 663 508 738 fitisse
535 679 846 738 ‘veterum
867 668 996 760 qui
1023 665 1708 764 Carthaginiensium
1738 661 2385 736 florentissimorum
2486 671 2491 682 '

299 769 668 863 imperium
683 772 771 840 ad
787 772 1120 842 utrumvis
1144 770 1495 840 Atlantem
1513 821 1534 854 ,
1560 772 1893 861 majorem
1922 769 2347 848 minoremve
2364 819 2386 852 ‚

300 876 714 964 extenderim
743 891 864 944 aut
884 876 1008 967 qui
1039 877 1130 944 ad
1159 872 1485 956 Cernen,
1516 873 2023 970 cognominem
2054 873 2282 956 ducis,
2304 889 2387 943 ut

295 976 576 1050 volebat
602 978 896 1048 Vossius
915 1027 934 1059 ,
965 975 1166 1047 Poeni
1195 975 1491 1048 fluvium
1514 976 1888 1048 collocarit.
1918 975 2007 1045 Et
2036 993 2271 1046 tamen
2308 975 2387 1044 in

297 1077 433 1148 illis
457 1103 748 1175 quoque
777 1081 1088 1174 partibus
1120 1082 1174 1152 si
1209 1083 1629 1174 quaerendus
1664 1079 1781 1152 ille
1826 1078 2071 1150 finisset
2092 1077 2345 1150 fluvius
2362 1129 2385 1161 ,

299 1183 534 1252 medio
560 1185 736 1254 inter
755 1183 1070 1254 Atlantes
1095 1186 1316 1277 spatio
1351 1183 1607 1254 fluvios
1624 1185 1803 1254 duos
1818 1181 2221 1252 nominibus
2238 1204 2389 1252 non

298 1286 680 1359 admodum
713 1285 1166 1357 dissimilibus
1196 1286 1402 1354 habet
1434 1285 1867 1356 Ptolemaeus.
1890 1283 2167 1354 Horum
2200 1307 2389 1354 unus

300 1376 472 1457 οὸνω
494 1439 514 1471 ,
567 1389 744 1458 alius
763 1433 768 1442 ·
785 1381 956 1474 ἔφη
977 1437 1000 1468 ,
1043 1385 1450 1480 appellatur.
1499 1385 1863 1456 Utrumvis
1900 1385 2099 1456 facile
2132 1405 2273 1456 erat
2310 1405 2393 1457 ut

300 1491 380 1560 in
420 1483 664 1559 Αόνωνα.
685 1541 708 1570 ,
745 1485 1173 1583 librariorum
1213 1511 1441 1558 errore
1488 1487 1816 1581 proclivi,
1868 1507 2389 1582 perverteretur.

307 1587 422 1662 Sic
455 1591 726 1662 nullum
771 1593 933 1675 erit,
987 1594 1059 1662 in
1105 1593 1238 1660 hoc
1291 1589 1562 1674 fluvio]
1610 1593 1721 1664 vel
1762 1592 2135 1689 vestigium
2194 1591 2392 1660 Han-

306 1696 516 1765 nonis
551 1695 898 1766 Vossiani.

299 1893 344 1950 S·
380 1883 497 1944 Xss.
527 1885 742 1946 locum
776 1905 947 1964 prope
983 1883 1523 2040 Cemelnaiigzffipglgss
1550 1885 1761 1944 nullum
1792 1885 1992 1942 habere
2030 1885 2201 1964 pontit
2236 1886 2401 1944 Auno

411 2129 688 2201 Poterat
719 2147 944 2200 autem
985 2127 1324 2213 fortassis,
1360 2155 1447 2202 ex
1476 2132 1559 2202 iis
1585 2112 1738 2228 quae
1769 2135 1859 2202 de
1894 2129 2131 2203 Cerne
2160 2133 2393 2206 insula

308 2235 510 2304 tradit
527 2233 830 2318 Hann0,
862 2233 1051 2303 nasci
1082 2235 1352 2304 occasio
1373 2285 1392 2316 ‚
1425 2259 1550 2305 cur
1582 2254 1835 2305 aratam
1864 2260 1904 2305 a
1931 2233 2396 2334 Gorgonibus

309 2337 593 2429 Libyam
644 2333 734 2434 ἡ)
768 2333 1091 2429 Καρχιδὸνα,
1137 2339 1489 2408 tradiderit
1536 2337 1985 2436 Palaephatus.
2038 2341 2159 2408 Ait
2204 2325 2391 2410 enim

197 2477 207 2486 ·
265 2437 606 2529 ‚Cernen
669 2462 860 2510 suam
917 2439 1181 2510 Hanno
1241 2443 1378 2520 ω’
1436 2437 1569 2510 αὖθι)
1614 2439 1805 2508 κεῖσθαι
1862 2437 2223 2533 Καρχνέΐνος.
2290 2441 2395 2514 Ita

311 2543 595 2636 quidem
612 2593 635 2626 ,
664 2544 722 2614 si
744 2545 979 2636 junior
997 2541 1206 2614 fiterit
1233 2543 1597 2614 Hannone
1629 2543 2079 2643 Palaephatus.
2122 2543 2396 2618 Utcun-

313 2669 455 2739 que
481 2665 712 2717 tamen
731 2648 826 2718 ita
846 2649 1118 2718 videtur
1139 2649 1571 2718 Hannonem
1588 2649 2003 2719 intellexisse
2016 2647 2395 2722 Cornelius

309 2750 591 2858 Nepos,
627 2753 828 2843 cujus
861 2769 1012 2820 aetas
1046 2751 1461 2844 exploratior
1485 2770 1607 2820 est.
1638 2751 1804 2822 Hoc
1830 2753 2161 2823 discimus
2194 2777 2233 2822 e
2257 2751 2397 2828 Pli-

183 2883 200 2902 ·
311 2852 462 2924 nio⁸
489 2906 510 2939 ,
551 2878 697 2948 quo
739 2853 901 2924 loco
935 2853 1080 2950 agit
1099 2857 1186 2922 de
1209 2854 1344 2924 situ
1371 2853 1641 2925 Cernes
1674 2855 2093 2926 Hannoniae.
2137 2859 2399 2954 Nepos,

311 2957 538 3049 inquit
566 3009 586 3042 ,
625 2955 958 3027 Cornelius
977 2981 1058 3027 ex
1082 2957 1341 3028 adverso
1365 2963 1648 3029 maxime
1681 2959 2105 3064 Carthaginis
2131 2983 2177 3030 a
2198 2968 2398 3032 conti-

310 3077 488 3131 nente
501 3069 748 3155 passu's
765 3060 983 3135 mille:
1003 3060 1514 3158 nondampliorem
1536 3069 1797 3135 circuitu
1824 3063 2062 3134 duobus
2086 3064 2399 3140 millibus.

311 3161 546 3234 Verba
567 3164 826 3235 scilicet
847 3162 1224 3270 Hannonis
1253 3163 1386 3244 μ’μ’
1417 3161 1579 3247 ιῦθῦ,
1622 3191 1703 3237 ex
1731 3167 2022 3248 adverso,
2059 3168 2397 3266 interpre-

241 3266 250 3276 ‘
310 3283 492 3344 tatus
525 3285 628 3339 est
657 3265 1033 3338 Cornelius
1073 3269 1315 3363 Nepos
1343 3318 1362 3349 ‚
1411 3288 1619 3364 atque
1656 3271 1749 3342 ita
1779 3271 2152 3357 intellexit,
2192 3275 2405 3366 quasi„

298 3393 496 3466 ptope
523 3371 978 3468 Carthaginem
1017 3372 1236 3466 ipsam
1271 3369 1515 3446 fiaisset
1538 3371 1772 3449 Cerne
1801 3375 1915 3444 illa
1944 3369 2393 3474 Gorgonum.

311 3471 422 3542 Sic
465 3471 722 3545 fluvius
763 3467 958 3544 Αὔιων
999 3475 1074 3544 in
1110 3473 1552 3574 Carthaginis
1601 3479 1817 3573 ipsius
1855 3477 2105 3548 vicinia
2154 3479 2398 3548 fuisset

313 3579 740 3646 statuendus.
789 3575 924 3648 Sed
971 3577 1227 3648 nullam
1275 3579 1574 3677 legimus
1638 3581 1736 3651 ibi
1794 3582 2088 3651 insulam
2156 3587 2399 3676 praeter
2516 3575 2523 3584 ’

313 3675 716 3790 Cothonem
734 3730 754 3762 ‚
787 3705 940 3776 qua:
971 3682 1256 3755 civitatis
1275 3684 1491 3780 ipsius
1522 3707 1679 3780 pars
1704 3704 1885 3768 erat3
1912 3707 2045 3756 nec
2069 3681 2350 3757 fluvium
2371 3735 2392 3766 ,

395 3876 412 3902 ⁸
454 3869 592 3932 Plin.
623 3871 752 3934 Nat.
771 3872 914 3950 Hirr.
938 3889 1031 3943 vl,
1064 3897 1149 3952 3¹·
1169 3833 1193 3842 υ
