2809 4642
430 355 455 399 ι
472 328 570 415 4ο
874 388 881 399 .
1142 346 1789 403 annoni-tonas
1885 408 1896 413 ,

418 446 707 513 Gambiae
728 447 955 514 fluvius
976 492 997 524 ‚
1030 470 1191 513 unus
1218 470 1297 513 ex
1324 448 1512 533 Nigri
1541 438 1840 523 brachiis,
1893 451 1958 509 in
1975 468 2106 532 quo
2145 444 2282 510 solo
2303 444 2524 509 cabal-

418 531 615 596 linum
652 536 883 618 piscem
896 580 919 611 ,
946 532 1013 599 id
1034 550 1153 611 est,
1189 534 1700 619 hippopotamum
1719 536 1968 619 reperiri
1987 529 2198 596 scribit
2221 530 2526 614 Aioysius

418 617 873 695 Cadamustus‚
898 640 1031 702 cap.
1064 626 1168 698 44.
1212 618 1500 683 Bochart.
1960 626 1990 653 ⁴
2477 624 2485 631 ’

504 704 787 765 Multum
834 704 986 767 mihi
1024 704 1297 769 arrident
1330 702 1624 767 Bocharti
1669 702 1898 779 verba,
1935 701 2110 789 qnod
2151 700 2396 764 adtinet
2431 699 2552 762 ad·-

416 787 858 871 etymologiam
904 794 1075 853 vocis
1110 788 1474 852 Bambotum
1509 788 1612 851 vel
1654 788 1920 853 Bamotlt
1967 814 1994 850 .·
2033 786 2142 851 sed
2187 788 2236 849 ii
2267 802 2530 850 tantum

416 868 499 933 ad
536 870 823 937 Gambiae
856 874 1089 937 flumen
1116 898 1259 938 cum
1296 872 1604 937 Bocharto
1624 892 1692 936 et
1727 874 2158 959 Campomanes
2181 875 2284 954 (a)
2307 888 2522 949 trans-

417 954 636 1019 volant
673 1004 697 1032 ,
742 965 849 1043 qui
896 960 1115 1043 peripli
1168 963 1361 1021 nostri
1418 978 1778 1022 contextum
1820 963 1995 1042 parvi
2037 957 2294 1021 faciunt.
2343 954 2528 1019 Satis

416 1042 529 1117 sit,
564 1046 615 1103 si
645 1041 811 1107 hunc
856 1066 1103 1105 amnem
1142 1047 1207 1105 in
1244 1042 1548 1107 hodierno
1583 1044 1734 1107 Sala
1763 1064 2124 1127 quaeramus.
2159 1041 2396 1126 Aperte
2433 1062 2518 1102 ex

421 1124 743 1189 Hannone
774 1127 1065 1191 discimus
1104 1127 1269 1191 hunc
1304 1150 1552 1191 amnem
1581 1126 1862 1190 nondum
1885 1132 1950 1189 in
1977 1148 2172 1203 mare,
2205 1142 2276 1189 ut
2310 1144 2484 1187 nunc
2501 1170 2530 1199 ‚

418 1208 525 1271 sed
574 1214 640 1273 in
690 1212 893 1275 lacum
950 1216 1150 1296 ipsum
1198 1217 1448 1275 remotis
1501 1214 1880 1297 temporibus
1943 1212 2258 1296 delapsum
2304 1208 2522 1272 fuisse.

417 1292 574 1355 Dux
598 1300 765 1359 enim
796 1296 1293 1381 carthaginiensis
1312 1296 1397 1361 ad
1418 1296 1598 1362 fluvii
1626 1302 1854 1362 ostium
1877 1296 2162 1371 devenit,
2181 1312 2526 1379 antequam

420 1400 457 1439 e
512 1378 649 1442 lacu
703 1381 1047 1465 egrediatur
1066 1429 1085 1457 ,
1132 1402 1247 1445 nec
1283 1388 1412 1461 jam
1447 1382 1708 1465 amplius
1749 1386 2032 1447 meminit
2075 1380 2269 1457 illius,
2314 1402 2529 1462 quum

324 1480 331 1485 ·
420 1462 668 1527 Cernen
703 1470 923 1529 iterum
956 1467 1285 1551 relinquit,
1336 1482 1397 1529 et
1443 1468 1764 1530 meridiem
1807 1488 2014 1531 versus
2063 1471 2180 1529 iter
2223 1466 2530 1549 sequitur.

416 1546 665 1613 Scilicet
700 1571 871 1615 extra
892 1552 1096 1615 lacum
1130 1570 1261 1615 tum
1288 1551 1526 1614 Hanno
1547 1552 1894 1637 navigabat.
1921 1551 2209 1615 Omnino
2233 1549 2527 1612 locorum

415 1654 478 1693 as
524 1652 727 1697 ectum
741 1636 919 1700 fluvii
932 1637 1117 1700 ambo
1128 1682 1147 1711 ,
1164 1635 1514 1699 labentibus
1531 1642 1706 1699 annis
1725 1684 1744 1713 ,
1757 1653 2153 1701 mutaverunt
2169 1680 2186 1709 ‚
2201 1633 2349 1698 dum
2366 1633 2524 1695 litus

416 1716 473 1778 al
502 1722 617 1793 atis
664 1726 895 1797 arenis,
937 1722 1078 1783 Nili
1116 1725 1307 1785 instar
1328 1768 1347 1796 ,
1390 1720 1787 1805 adaugerent.
1819 1722 1978 1784 Haec
2013 1724 2226 1785 omnia
2245 1719 2519 1783 Cernen

416 1804 679 1865 insulam
694 1849 711 1877 ‚
733 1804 819 1866 ibi
846 1804 1164 1888 quondam
1185 1822 1523 1873 exstantem
1553 1830 1592 1871 a
1615 1808 2011 1883 continente,
2036 1827 2228 1890 nuper
2250 1809 2527 1885 conjun-

419 1902 585 1949 ctam
627 1886 721 1950 illi
762 1888 943 1951 fuisse
976 1889 1197 1953 clarius
1234 1889 1676 1963 demonstrant.
1971 1904 2000 1923 '

500 1978 603 2049 4ο.
649 1968 757 2033 Ε’πὶ
790 1968 1169 2060 μεσκμξρίας]
1220 1975 1512 2060 Superius
1551 1972 1714 2059 opit.
1733 1967 2068 2056 meyt‘as
2117 1973 2294 2037 dixit.
2339 1970 2530 2035 Scite
2585 1999 2594 2009 ·

418 2072 625 2119 tamen
657 2057 1071 2121 multitudinis
1102 2083 1359 2125 nurnero
1380 2066 1580 2145 ponit.
1600 2062 1704 2126 Sic
1727 2060 1906 2125 Plato
1929 2057 2524 2144 in-Epinomide(b)

417 2135 648 2219 &sude
674 2157 737 2203 et
755 2137 1048 2213 ἂναπλάς.
1081 2144 1321 2211 Gesner.

506 2223 728 2288 Voluit
756 2227 1065 2291 Gesnerus
1082 2224 1177 2291 ἐπὶ
1198 2228 1548 2310 μεσημέαἶας
1565 2229 1787 2314 plurali
1813 2251 2070 2293 numero
2097 2230 2200 2291 hic
2223 2231 2530 2309 usurpari.

424 2307 550 2372 Sed
605 2316 864 2395 genitivi
914 2315 1231 2397 singularis
1278 2316 1412 2379 haec
1457 2314 1656 2379 forma
1682 2326 1812 2379 est.
1865 2314 1976 2377 Sic
2020 2315 2327 2377 Homerus
2363 2314 2472 2395 (c)
2505 2338 2526 2373 =

424 2392 656 2471 πέπνπιι
695 2394 799 2457 ἐπ’
824 2396 1096 2463 Ὠκεανοῖο
1127 2398 1316 2482 ῥυσίων.
1364 2400 1664 2464 Ceterum
1698 2400 1804 2463 hic
1833 2402 1976 2462 satis
2013 2396 2193 2483 friget
2239 2397 2530 2459 Platonis

424 2484 643 2544 citatus
668 2480 860 2557 locus,
882 2506 1072 2568 quum
1098 2488 1161 2547 in
1187 2508 1260 2549 eo
1286 2506 1414 2548 non
1431 2501 1643 2567 agatur
1665 2485 1744 2547 de
1767 2488 1988 2548 itinere
2003 2481 2170 2547 facto
2183 2480 2272 2544 ἐπὶ
2291 2478 2532 2562 Aba-pide

421 2564 520 2625 vel
552 2563 859 2644 ἁιατῡλαίς,
878 2568 1005 2632 ,sed
1040 2569 1121 2633 de
1156 2588 1548 2643 astronomo,
1585 2574 1694 2653 qui
1712 2565 1856 2633 solis
1879 2584 1940 2631 et
1965 2565 2272 2633 stellarum
2293 2567 2533 2649 ὣσμείς

422 2674 473 2711 π
517 2647 559 2736 ῃ)
588 2649 863 2721 ἀνατολαῖς
890 2656 1361 2739 contemplatur.
1845 2686 1856 2695 ·
2517 2698 2526 2705 -

505 2740 609 2813 41.
655 2730 892 2799 Acidim
922 2739 1191 2824 ἦμέςςις]
1228 2740 1302 2801 In
1354 2744 1574 2802 nostris
1615 2738 1841 2801 tabulis
1885 2760 2012 2802 non
2051 2752 2293 2801 tantum
2331 2742 2528 2820 spatii

422 2817 668 2882 videtur
711 2821 803 2883 his
836 2823 1147 2887 littoribus
1180 2824 1389 2887 tribui.
1424 2825 1712 2887 Hudton.

507 2906 702 2989 Atqui
729 2903 978 2972 devenit
1001 2910 1123 2973 hoc
1146 2906 1488 2971 duodecim
1515 2908 1754 2988 dietum
1775 2911 1993 2971 itinere
2017 2908 2254 2970 Hanno
2271 2905 2350 2969 ad
2371 2928 2530 2989 pro-

398 2994 801 3054 fmontorium
829 3015 993 3057 nunc
1020 2993 1259 3057 dictum
1280 2996 1353 3055 de
1384 2992 1555 3057 Geer.
1579 2991 1708 3055 Hic
1737 2997 1923 3075 igitur
1941 2992 2072 3057 dies
2107 2994 2530 3075 navigationis

426 3094 650 3135 novem
676 3080 915 3141 circiter
935 3079 1139 3141 leucas
1163 3076 1610 3163 complectitur.
1633 3078 1838 3143 Modo
1857 3076 2120 3141 totidem
2143 3076 2266 3140 diei
2298 3080 2532 3139 itinere
2579 3100 2582 3107 ·

426 3155 910 3239 subaudiuntur,
947 3167 1108 3229 utin
1142 3162 1319 3227 bidui
1361 3168 1580 3227 itinere
1605 3186 1680 3227 ex
1703 3184 1886 3227 anine
1913 3164 2142 3239 Lucos,
2197 3182 2386 3246 usque
2437 3162 2532 3225 ad

420 3241 682 3311 fluvium
720 3246 907 3309 Sebou
935 3266 1213 3331 peracto,
1248 3247 1422 3332 quod
1477 3248 1546 3311 18
1583 3248 1787 3311 leucas
1824 3246 2286 3331 complectitur3
2321 3245 2532 3310 modo

422 3346 635 3391 contra
653 3336 999 3413 pauciores,
1024 3338 1171 3395 utin
1188 3332 1378 3397 altero
1400 3333 1580 3397 bidui
1599 3338 1819 3397 itinere
1843 3355 1877 3395 e
1901 3331 2232 3395 Columnis
2253 3330 2334 3395 ad
2347 3330 2536 3415 Thy-

424 3418 747 3480 miaterion
766 3462 787 3491 ‚
811 3414 874 3477 id
901 3434 1020 3493 est,
1046 3440 1079 3481 e
1107 3417 1295 3483 Ceuta
1315 3417 1395 3481 ad
1421 3418 1656 3503 Tunger
1671 3434 1948 3502 peracte,
1969 3417 2139 3502 quod
2161 3414 2534 3501 quindecim

424 3497 613 3563 leucis
659 3498 1003 3584 respondet.
1050 3502 1285 3569 Leucas
1312 3507 1553 3569 circiter
1585 3523 1694 3587 103
1735 3525 1812 3569 ex
1847 3523 2030 3566 amne
2063 3502 2250 3566 Sebou
2277 3499 2355 3563 ad
2380 3524 2536 3585 pro-

426 3590 803 3648 montorium
825 3590 897 3651 de
914 3588 1435 3675 Geerreperim1153
1459 3610 1605 3673 quas
1631 3612 1824 3674 quum
1850 3592 2010 3651 intra
2033 3585 2364 3650 duodecim
2388 3586 2534 3651 dies

482 3791 550 3843 (a)
579 3791 677 3847 Pag.
699 3790 767 3834 81.
1579 3777 1720 3847 (c).11.‘
1743 3794 1830 3840 111,
1861 3806 1900 3835 v.
1918 3807 1956 3848 5.
1987 3792 2116 3837 C'onf.
2151 3792 2308 3837 Matth-
2341 3792 2528 3837 Gramm-

485 3845 553 3899 (b)
578 3846 710 3891 Tom-
728 3848 794 3898 11,
812 3861 902 3905 pag.
922 3862 1029 3908 990,
1049 3849 1111 3899 A,
1131 3850 1197 3893 ed.
1216 3851 1357 3906 steph.
1523 3866 1563 3905 p.
1585 3850 1664 3909 855
1682 3881 1694 3905 ,
1715 3858 1753 3899 ς.
1771 3850 1856 3908 584
1870 3876 1884 3900 ‚
1903 3865 1940 3893 a.
2010 3860 2014 3865 ·
