2809 4642
900 370 993 423 m
1041 368 1552 423 ΗΑΝΝΟΝΕΜ.
2138 349 2270 434 ι4ι

199 464 419 528 Hanno
431 480 823 551 transgressus
840 460 1208 552 erit‚paullo
1236 472 1440 532 minus
1467 473 1654 553 qu'a‘m
1675 486 1901 530 novem
1925 465 2128 531 leucas
2149 468 2281 531 dies

198 568 567 637 unaquaeque·
588 551 747 617 tulit.
779 550 847 615 Si
877 556 964 616 ita
986 558 1433 630 numeraveris,
1463 552 1620 615 nihil
1642 569 1776 614 tum
1798 550 1884 614 ob
1906 552 2283 615 celeritatem

195 636 369 698 eundi
397 641 684 713 nimiam,
710 654 845 701 turn
868 636 953 699 ob
976 638 1327 701 tarditatem
1346 684 1365 714 ‚
1400 636 1642 719 judicio
1674 636 2062 723 repugnabit.
2101 637 2238 701 lmo
2259 686 2280 715 ‚

191 726 486 801 praeterito
528 727 955 807 promontorio
978 727 1067 787 «de
1100 723 1295 801 Gur,
1337 728 1399 786 in
1441 743 1730 806 magnum
1765 724 1968 786 sinum
1992 720 2282 787 devenire

191 820 271 867 est
283 850 303 880 ,
328 810 445 891 qui
479 824 885 871 memoratum
920 809 999 871 ab
1032 809 1349 872 Hannone
1380 803 1584 899 >elwa
1615 807 1862 891 praebet.

255 894 359 968 42.
402 887 715 969 Τελευταίᾳ
757 891 981 980 ἦμέρᾳζ]
1018 892 1098 955 ³1d
1143 913 1263 969 est,
1304 892 1700 957 duodecimo.
1735 893 1978 956 Gesner.

258 984 355 1055 43..
391 966 583 1058 ’'Opm
610 978 891 1061 μιγέλοις
928 974 1200 1064 ἐδηίουν]
1236 979 1558 1042 Atlantem
1608 983 1899 1057 majorem
1935 976 2101 1041 hunc
2147 998 2276 1039 esse

182 1064 483 1139 conjiciO,
523 1081 585 1126 et
622 1062 921 1145 arbores(
953 1061 1031 1127 de
1064 1066 1287 1149 quibus
1336 1064 1656 1145 loquitur)
1710 1062 1924 1125 cedros
1949 1108 1968 1139 ,
2013 1083 2275 1149 quatum

186 1148 493 1209 materiam
524 1148 796 1211 Romani
831 1150 1197 1231 expetebant
1234 1152 1476 1209 mensis.
1509 1147 1680 1211 Inter
1712 1144 1878 1211 hunc
1914 1166 2184 1210 montem
2209 1166 2274 1209 et

181 1224 518 1312 Hesper-ion
560 1254 727 1296 ceras
772 1236 1049 1315 quinque
1087 1232 1327 1293 dierum
1355 1234 1669 1311 navigatio
1709 1232 2017 1293 est.›Nam
2053 1250 2112 1296 et
2139 1232 2272 1294 Pli-

179 1316 539 1399 nius-(a)sic
573 1318 929 1381 {Traditur
948 1333 1007 1375 et
1035 1312 1165 1377 alia
1204 1314 1399 1377 insula
1425 1330 1632 1375 contra
1659 1330 1910 1375 montem
1933 1316 2268 1393 Atlantem,

174 1411 227 1457 et
257 1398 387 1485 ipsa
434 1400 715 1465 Atlantis
746 1396 1071 1484 adpellata.
1113 1397 1219 1461 Ab
1256 1420 1323 1460 ea
1358 1399 1618 1484 quinque
1653 1399 1876 1459 dierum
1910 1402 2277 1484 navigatione
2337 1412 2342 1421 '

172 1480 519 1627 glitudines
546 1487 633 1547 ad
648 1486 1154 1570 promontorium,
1188 1485 1351 1567 quod
1368 1485 1702 1549 vocavimus
1721 1484 2059 1567 Hesperion
2093 1506 2272 1548 ceras.

238 1590 425 1631 esner.

247 1652 373 1713 Les
418 1653 625 1715 hautes
657 1669 995 1737 montagnes
1014 1670 1312 1718 -couvertes
1348 1655 1420 1716 de
1433 1652 1624 1734 fhrets
1659 1651 2050 1737 qu'Hannon
2095 1670 2192 1716 eut
2234 1654 2276 1718 ἁ

168 1735 442 1811 doubler,
484 1755 621 1801 sont
656 1738 823 1801 celles
857 1744 939 1800 du
974 1761 1085 1827 cap
1120 1740 1191 1803 de
1226 1737 1401 1814 Geer,
1430 1738 1634 1817 forme‘
1662 1758 1786 1824 par
1818 1734 2167 1800 l'extre'mite‘
2197 1742 2272 1799 de

166 1820 227 1879 la
246 1820 395 1885 crete
413 1821 748 1909 principale
768 1825 841 1885 de
862 1823 911 1885 l'
912 1825 971 1887 A
980 1822 1097 1887 tlas
1106 1870 1129 1901 ,
1153 1826 1255 1910 qui
1276 1826 1436 1887 vient
1453 1847 1514 1885 se
1537 1824 1808 1886 terminer
1827 1846 1896 1885 en
1922 1844 2037 1883 une
2065 1825 2278 1909 pointe

168 1907 367 1987 aiguii,
412 1904 487 1967 στὶ
513 1908 575 1969 la
613 1931 737 1971 mer
768 1907 1079 1971 briseavec
1113 1908 1381 1971 violence:
1439 1906 1740 1973 Gossellin
1780 1907 1906 1987 (b).

246 1996 352 2067 44.
394 1986 560 2053 Etim
594 1988 833 2077 εόὧῶι]
886 1991 1236 2073 Singulas-ia
1284 1993 1568 2055 arborum
1621 2012 1840 2073 genera
1901 1995 1964 2053 in
2015 1990 2272 2055 Atlante

168 2094 433 2138 crescere
464 2074 695 2139 Plinius
724 2081 823 2160 (c)
858 2076 1135 2161 prodidit
1162 2078 1253 2139 his
1290 2077 1530 2140 verbis:
1557 2079 1868 2141 Suetonius
1909 2074 2264 2154 Paullinus‚

158 2160 387 2241 primus
418 2184 795 2224 romanorum
830 2165 1045 2229 ducum
1084 2180 1474 2246 transgressus
1524 2185 1750 2247 quoque
1786 2158 2100 2225 Atlantem
2143 2146 2269 2225 'ali-

164 2245 583 2327 quot-millium
604 2250 824 2333 spatio,
854 2250 1126 2334 prodidit
1140 2250 1211 2311 de
1232 2248 1558 2310 excelsitate
1580 2247 1812 2332 quidem
1843 2252 1968 2328 ejus
1980 2276 2007 2324 5
2028 2270 2162 2331 quoe
2188 2271 2272 2310 ce·

162 2331 267 2390 leri
292 2354 315 2390 0*
344 2344 533 2420 Ions
566 2346 883 2395 RADICES
913 2348 1175 2396 DENSIS
1202 2346 1568 2407 ALTISQUE
1603 2346 1966 2393 REPLETAS
1997 2348 2269 2409 SILVIS,

162 2414 468 2497 ineognito
506 2438 703 2499 genere
746 2417 1017 2480 arborum
1042 2448 1069 2493 ,0
1110 2452 1127 2479 .-
1152 2464 1339 2481 .....
1378 2418 1630 2497 frondes
1669 2418 1952 2501 cupressis
2005 2415 2264 2494 similes,

158 2514 623 2573 PRAETERQUE
668 2514 1161 2567 Gtt-AvtTArt-:M
1210 2518 1482 2565 onoms
1513 2548 1530 2577 ,
1584 2504 1744 2563 tenui
1789 2524 1888 2563 eas
1930 2500 2138 2564 obduci
2173 2500 2268 2563 la-

160 2584 396 2667 nugine.
440 2584 637 2661 Quod
674 2606 861 2666 genus
913 2588 1201 2651 arborum
1250 2592 1470 2650 iterum
1521 2584 1734 2648 lauda-t
1771 2584 2046 2660 Plinius,
2093 2584 2268 2669 quod

161 2684 367 2731 tamen
428 2690 463 2730 a
520 2668 707 2733 cedro
758 2692 1029 2755 expresse
1078 2672 1454 2754 distinguere
1501 2668 1750 2734 videtur
1799 2672 1924 2752 (d).
1972 2672 2266 2733 Meminit

160 2774 412 2836 quoque
440 2753 697 2816 Solinus
714 2755 1005 2819 arborum
1035 2761 1095 2819 in
1123 2757 1379 2819 Atlante
1405 2758 1783 2819 nascentium
1803 2800 1822 2829 ‚
1845 2776 2096 2839 quarum
2126 2756 2268 2821 odor

152 2840 349 2918 gravis
372 2838 491 2923 (e).
526 2838 703 2917 Quas
744 2846 981 2907 censuit
1002 2860 1061 2905 et
1088 2840 1386 2903 Falconer
1411 2844 1510 2924 (f)
1531 2844 1844 2902 materiam
1870 2838 2050 2903 fuisse
2086 2863 2264 2903 men·-

155 2943 355 2983 sarum
392 2924 559 3007 apud
596 2923 915 2989 Romanos
948 2931 1380 3010 exquisitarum
1417 2928 1536 3012 (g).
1575 2923 1700 2987 Sed
1741 2945 2082 2991 mensarum
2125 2924 2261 2988 illa·

158 3027 291 3067 rum
320 3007 582 3071 odorem
622 3030 867 3091 gravem
913 3015 1166 3074 minime
1203 3009 1413 3073 laudat
1458 3010 1708 3073 Plinius.

238 3101 341 3171 45.
374 3086 627 3172 Ημέρςις
657 3094 781 3177 δὺο]
817 3096 1077 3159 Videtur
1104 3097 1285 3160 breve
1308 3092 1647 3158 admodum
1677 3099 1792 3157 iter
1817 3099 1976 3157 intra
1997 3093 2260 3159 biduum

154 3174 399 3255 perfici,
435 3178 583 3239 dum
606 3197 789 3262 caput
814 3180 1423 3245 Gen-tantummodo
1452 3180 1552 3243 hic
1581 3180 1814 3243 ambiat
1843 3180 2094 3242 Hann0.
2131 3180 2259 3245 Sed

160 3263 219 3320 in
249 3262 483 3327 tabulis
512 3262 677 3325 idem
698 3264 853 3327 illud
882 3271 1174 3352 repetitur
1195 3270 1456 3350 spatium
1489 3286 1648 3341 esse,
1681 3287 1752 3328 ac
1793 3265 2260 3349 alterum‘supra

140 3343 769 3431 Carthaginiensium
790 3350 965 3413 classi
990 3352 1209 3415 eodem
1237 3354 1523 3435 temporis
1562 3349 1883 3413 intervallo
1911 3368 2256 3435 peractum,

152 3449 190 3489 e
234 3432 574 3495 Columnis
610 3457 800 3582 usgue⁴
834 3434 915 3497 ad
957 3436 1452 3521 Thymiaterion.

237 3519 344 3598 46.
382 3516 470 3579 Ἐν
505 3512 665 3581 &aad
712 3544 783 3589 nc
821 3514 1065 3611 χίσμοιπ
1108 3515 1461 3605 amaritia]
1504 3521 1700 3584 Maris
1744 3523 1968 3603 opinor
2008 3520 2250 3583 hiatum

208 3698 275 3750 (a)
302 3696 405 3739 Lib.
428 3708 491 3747 vi,
508 3710 601 3753 cap.
618 3712 640 3753 3
653 3712 689 3740 r.
1298 3702 1360 3755 (e)
1387 3698 1526 3743 Solin.
1547 3699 1734 3749 Polyhist.
1766 3712 1859 3751 cap.
1878 3710 1948 3752 27.

211 3754 272 3807 (b)
298 3754 405 3797 Loc.
427 3758 497 3798 cit.
519 3768 608 3810 pag.
626 3768 699 3811 93.
1054 3754 1069 3763 “
1298 3754 1379 3813 (f)
1395 3758 1562 3799 Dissert.
1583 3757 1664 3797 Iin
1684 3757 1882 3799 Hannon.
1912 3768 2004 3811 pag.
2025 3766 2096 3810 29.

206 3811 268 3863 (c)
297 3812 397 3853 Lib.
417 3824 465 3863 v,
484 3825 575 3867 cap.
598 3824 635 3853 1.
1300 3815 1371 3867 (g)
1398 3814 1528 3857 Conf.
1544 3814 1680 3855 strab.
1697 3814 1770 3855 lib.
1786 3823 1884 3855 xvu
1899 3841 1912 3863 ,
1941 3824 2036 3868 pag.
2057 3809 2143 3856 826
2161 3838 2175 3863 ,
2199 3808 2252 3854 C.

206 3866 279 3923 (A)
304 3869 423 3914 Ptin.
439 3868 516 3913 lib.
536 3880 623 3913 xm
636 3896 649 3921 ,
667 3882 760 3931 cap.
782 3882 832 3927 ¹5
846 3900 859 3925 ,
876 3872 971 3916 init.
1150 3906 1161 3911 ,
1242 3870 1422 3915 -ΡΙίη,
1449 3870 1525 3915 nb.
1543 3880 1631 3912 xm
1649 3897 1662 3919 ,
1677 3882 1770 3925 cap.
1791 3882 1856 3924 15·
