2809 4642
471 295 592 364 -62
1027 315 1455 372 nonwt-:tm
1514 315 2029 369 nissen-mtto

497 418 712 508 musf.
743 419 1014 492 Horum
1047 439 1234 492 extra
1265 423 1599 514 templum
1639 424 1869 516 ipsum
1898 417 2264 516 vestigium
2292 418 2561 486 nulium

495 543 632 614 prae
665 535 741 590 se
777 519 1040 592 ferebat
1071 525 1312 593 editor.
1345 522 1481 594 Sed
1525 521 1739 618 patria
1782 523 2023 619 lingua
2060 522 2339 614 concipi
2381 521 2563 590 sole-

424 654 427 663 ·
497 623 666 694 bant
689 671 710 705 ,
739 647 892 716 quae
929 627 1016 694 ad
1043 649 1262 696 rerum
1301 628 1673 719 patriarum
1722 615 2121 696 memoriam
2166 645 2573 717 perennan-⁸
2659 707 2671 716 ,

496 728 656 794 dam
692 727 766 796 in
797 728 1070 822 templis
1107 729 1573 798 servabantur.
1620 729 1755 800 Hic
1799 729 2077 796 Punicae
2112 728 2369 824 linguae
2404 727 2565 794 nui-

499 828 642 897 lum
684 843 827 915 est,
867 850 946 899 ut
979 833 1304 913 vidimu3‚
1331 833 1703 927 vestigium
1745 859 1763 899 ε
1814 855 1905 899 ne
1940 831 2220 922 quidem
2264 831 2338 896 in
2376 829 2567 897 Ioco-

499 955 652 998 rum
691 933 1125 1018 nominibus,
1175 957 1330 1025 quae
1359 933 1559 1002 Poeni
1590 934 1719 1028 ipsi
1744 935 2157 1026 imposuisse
2181 929 2539 1026 finguntur

295 1129 304 1140 ι
385 1111 390 1116 ,
496 1030 634 1102 Sed
668 1034 744 1102 in
775 1036 1083 1105 historias
1110 1038 1295 1129 ipsas
1323 1040 1603 1106 tandem
1639 1054 1917 1130 accepta
1946 1055 2113 1104 sunt
2138 1087 2157 1119 ,
2206 1059 2368 1104 cum
2394 1057 2565 1128 sup-

495 1154 762 1228 peteret
791 1142 1631 1234 monumentorum·copia
1670 1141 1826 1208 satis
1858 1139 2087 1232 ampla
2112 1136 2561 1208 conficiendis

497 1239 816 1308 historiis.
871 1240 972 1310 Ita
1007 1243 1194 1311 enim
1241 1242 1501 1312 factum
1544 1243 1619 1311 in
1681 1243 1956 1312 historia
2000 1241 2329 1309 Romana.
2378 1237 2563 1322 Quis

495 1359 724 1410 autem
759 1365 1067 1436 unquam⁴
1099 1342 1443 1416 historiam
1476 1345 1809 1414 Punicam
1840 1369 1925 1414 ex
1954 1344 2239 1412 archivis
2270 1341 2567 1434 templo-

497 1467 650 1512 rum
691 1447 980 1544 collegit
1009 1448 1292 1517 Punicis
1313 1457 1346 1515 «ἴ
1381 1445 1517 1514 Sed
1556 1448 1849 1515 historiis
1876 1447 2115 1543 lingua
2144 1445 2357 1539 patria
2392 1465 2559 1510 con-

494 1548 872 1618 scribendis
901 1573 1132 1620 ansam
1156 1552 1326 1630 ‚dare
1360 1548 1625 1616 solebat
1646 1550 2075 1619 archivorum
2100 1550 2295 1640 copia
2324 1547 2563 1642 lingua

488 1653 713 1748 ‘patria
749 1669 1269 1744 conceptorum.
1321 1651 1589 1719 Punica
1634 1669 1862 1720 autem
1904 1653 2143 1748 lingu‘a
2182 1650 2306 1741 qui
2352 1650 2565 1717 histo-

497 1752 666 1821 riam
715 1754 1060 1846 scripserit
1088 1805 1106 1835 ‚
1155 1756 1244 1822 de
1283 1755 1489 1822 rebus
1541 1754 1742 1822 etiam
1802 1754 2079 1822 Punicis
2118 1804 2135 1831 ‚
2215 1752 2559 1819 neminem

497 1855 828 1923 habemus
866 1873 1172 1924 veterum
1209 1858 1336 1948 qui
1365 1857 1773 1924 meminerit.
1804 1856 1955 1924 Imo
1986 1852 2323 1924 effecisset
2358 1854 2566 1920 archi-

497 1981 741 2026 vorum
798 1958 942 2050 ipsa
991 1958 1232 2054 {ingua
1257 2010 1278 2041 ,
1331 1983 1423 2028 ne
1476 1959 1689 2027 multa
1734 1977 2021 2052 possent
2060 1959 2149 2026 ab
2184 1957 2327 2026 aliis
2362 1955 2563 2024 scribi

499 2079 708 2150 quam
742 2060 1116 2156 indigenis.
1155 2062 1313 2130 Hoc
1345 2063 1578 2155 ipsum
1621 2063 1923 2132 ostendit
1962 2061 2339 2151 Dionysius
2376 2058 2566 2126 Hali·

499 2163 934 2231 carnasseus²
954 2212 973 2243 ‚
1009 2185 1132 2234 cur
1161 2183 1294 2234 tam
1327 2189 1546 2257 pauca
1577 2168 1665 2234 de
1700 2163 2033 2233 Romanis
2066 2163 2412 2256 explora-ta
2446 2162 2565 2228 ha·-

494 2266 738 2336 berent
777 2263 1035 2348 Graeci,
1091 2289 1214 2336 cur
1259 2269 1408 2359 ipse
1445 2267 1715 2336 taedium
1750 2267 2009 2363 iinguae
2045 2265 2425 2360 peregrinae
2466 2265 2565 2332 di—

498 2371 764 2440 scendae
799 2370 1156 2438 devorarit.
1197 2371 1379 2454 Quis
1422 2371 1585 2438 item
1626 2368 1907 2464 Graecus
1940 2391 2249 2461 unquam
2280 2368 2566 2436 historiae

497 2470 778 2544 Punicae
815 2465 1200 2541 scribendae'
1221 2473 1434 2570 gratia
1472 2473 1781 2568 linguam
1816 2473 2139 2542 Punicam
2177 2471 2305 2540 sibi
2338 2492 2571 2540 neces-

497 2576 758 2643 sariam³
791 2573 1194 2645 existimavit
1228 2585 1250 2646 ζ
1301 2575 1532 2643 Pauca
1570 2578 1943 2643 admodum
1972 2626 1989 2656 ,
2053 2575 2110 2643 si
2160 2572 2336 2642 forte
2382 2572 2521 2640 ulla
2545 2623 2564 2654 ‚

498 2678 880 2746 istiusmodi
919 2681 1188 2750 archiva
1248 2677 1515 2746 Punica
1566 2676 1780 2747 fixisse
1829 2677 2387 2746 verisimillimum
2438 2691 2564 2744 est.

498 2779 689 2848 Nihil
736 2798 918 2850 certe
950 2782 1114 2850 inde
1143 2782 1522 2873 depromsit
1566 2781 1889 2872 Polybius
1911 2831 1928 2863 ,
1968 2778 2309 2872 Scipionis
2352 2778 2571 2845 AEmi-

497 2883 664 2951 {iani
717 2884 1108 2964 institutor3
1175 2884 1290 2951 cui
1347 2888 1577 2950 tamen
1633 2883 1958 2976 patebant
2031 2904 2275 2950 arcana
2332 2881 2572 2948 omnia

503 2983 981 3082 Carthaginis,
1019 3009 1200 3055 ,cum
1235 2985 1400 3054 urbs
1442 2987 1590 3079 ipsa
1637 2987 2166 3056 exscinderetur.
2218 2983 2308 3051 Et
2334 3001 2570 3050 tamen

499 3087 1170 3174 usum‘archiyorum
1199 3088 1348 3171 ilie,
1396 3091 1451 3157 si
1478 3091 1639 3181 quis
1678 3089 1844 3157 alius
1866 3139 1885 3171 ,
1936 3088 2198 3180 optime
2226 3085 2512 3154 callebat
2548 3111 2567 3164 ;

501 3191 760 3282 iisque,
804 3198 1473 3284 cum'suppeterent,
1510 3193 1856 3260 historiam
1890 3215 2081 3260 suam
2112 3186 2569 3258 confirmavit.

500 3292 676 3362 Inde
699 3311 925 3364 vetera
947 3283 1212 3363 hausit³
1245 3293 1719 3362 Romanorum
1747 3291 2571 3390 Carthaginiensiumque

497 3394 789 3474 foedera;
842 3395 1005 3464 inde
1047 3421 1152 3466 res
1195 3417 1421 3494 gestas
1463 3396 1877 3466 Hannibalis
1914 3398 1989 3464 in
2040 3394 2379 3486 Hispania
2413 3441 2432 3473 ,
2482 3414 2577 3461 ex

497 3500 948 3593 inscriptione
986 3505 1102 3595 νὶζ.
1146 3524 1354 3591 quarn
1389 3503 1671 3571 sacravit
1708 3503 1855 3594 ipse
1902 3497 2258 3566 Hannibal
2284 3498 2357 3565 in
2392 3513 2571 3563 tem-

580 3749 732 3820 ¹App.
767 3744 912 3802 Prael.
965 3773 1038 3788 —-·-
1093 3743 1364 3818 ²Dionys.
1398 3741 1553 3820 Prafi
1576 3709 1753 3820 Antiq.
1783 3743 1911 3816 (lib.
1930 3757 1979 3811 1,
2004 3763 2121 3820 pag.
2148 3752 2212 3812 4,
2242 3741 2339 3797 lin.
2384 3757 2475 3815 ¹7»
2520 3755 2577 3796 et

505 3840 621 3902 pag.
650 3823 682 3874 6
703 3865 716 3887 ,
751 3820 845 3878 lin.
878 3840 962 3896 37,
987 3818 1068 3875 ed.
1100 3813 1340 3874 Francos.
1377 3816 1514 3892 1786
1544 3819 1581 3891 ).
1621 3851 1693 3860 —
1734 3817 1959 3894 ³P01yb.
1988 3819 2020 3873 Ι.
2042 3832 2097 3872 ιιι
2134 3821 2211 3891 (c.
2238 3817 2355 3888 26).
