2809 4642
532 302 616 389 58
968 330 975 339 »
1054 310 1478 367 DonwELu
1534 312 2051 365 nissam-rio

520 420 761 489 iisdem
808 420 1294 497 commercium
1337 416 1730 489 habuissent
1773 417 1904 509 ipsi
1954 414 2598 511 Carthaginienses.·

359 566 362 569 -
439 590 450 594 ,
503 518 728 611 βαίνοι
755 540 986 591 autem
1019 520 1431 591 commercio
1449 564 1468 599 ,
1510 518 1724 615 longe
1756 518 2190 591 commodius
2218 519 2594 615 AEgyptio..

520 646 676 691 rum
692 622 1357 713 Atheniensiumque
1373 645 1629 691 merces
1647 620 2082 691 Phoenicibus
2098 668 2119 703 ‚
2142 644 2351 711 quam
2378 621 2591 716 Liby-

518 726 944 819 phoenicibus
969 725 1479 817 imputabimus.
1513 724 1727 814 Atqui
1759 746 1865 792 res
1906 725 2056 818 ipsa
2092 723 2337 792 clamat
2372 725 2589 821 longe

523 829 684 897 alias
712 827 922 912 fuisse
951 825 1240 920 Scylacis
1283 827 1625 912 rationes,
1669 826 2085 917 urbiumque
2114 826 2283 895 situs
2310 875 2331 906 ,
2375 850 2587 919 quam

519 928 768 999 fuerint
800 930 1198 998 HannoniS.
1227 927 1435 997 Ultra.
1454 928 1699 999 Lixum
1726 927 2013 1001 fluvium
2042 928 2591 1020 Thymiateriada

521 1033 753 1120 ¹statuit
770 1030 1045 1123 Scylax,
1064 1054 1224 1099 cum
1256 1048 1487 1098 tamen
1518 1054 1709 1099 suam
1737 1031 1980 1099 urbem
2010 1031 2591 1123 Thymiateriurn,

503 1135 753 1205 ¹multis
781 1158 1064 1227 quoque
1097 1134 1242 1203 aliis
1274 1133 1565 1220 coloniis
1586 1134 2019 1225 interpositis
2050 1183 2070 1217 ,
2139 1134 2306 1203 citra
2336 1133 2599 1203 Lixum.

463 1225 474 1267 ²
519 1254 737 1328 ponat
792 1237 1076 1307 Hanno.
1148 1237 1477 1327 Idemque
1521 1237 1894 1305 dicendum
1954 1239 2041 1305 de
2104 1238 2587 1355 promontorio

523 1339 722 1407 etiam
753 1337 1100 1409 Soloente.
1152 1339 1441 1409 Cernen
1480 1362 1700 1441 porro
1741 1362 1869 1432 pro
1918 1339 2159 1425 ultimo
2190 1338 2584 1433 navigatio-
2622 1366 2627 1369 ·

521 1441 630 1509 nis
691 1443 978 1511 termino
1023 1444 1229 1512 habet
1270 1439 1582 1531 Scylax'.
1628 1441 1973 1513 Ulteriora
2019 1457 2233 1535 negat
2269 1463 2417 1509 esse
2460 1464 2588 1509 na·-

519 1543 842 1637 vigabilia
877 1562 1162 1637 propter
1199 1543 1559 1613 brevitatem
1602 1549 1801 1611 maris
1844 1561 1909 1612 et
1954 1566 2181 1613 coenum
2229 1560 2289 1610 et
2338 1542 2586 1639 algam.

519 1642 628 1715 Sic
663 1648 810 1715 vice
846 1666 1076 1729 versa,
1107 1646 1462 1737 Ephorum,
1512 1647 1605 1727 ait
1629 1644 1944 1713 Plinius²
1963 1695 1983 1728 ‚
2032 1664 2333 1716 auctorem
2371 1644 2587 1715 fuisse

517 1772 560 1815 a
610 1748 834 1818 Rubro
882 1754 1048 1817 mari
1087 1752 1486 1843 navigantes,
1538 1752 1601 1815 in
1636 1771 1773 1815 eam
1812 1773 1927 1815 non
1966 1770 2151 1841 posse
2182 1764 2434 1850 propter
2478 1772 2587 1817 ar-

516 1850 694 1917 dores
760 1849 932 1917 ultra
987 1851 1302 1943 quasdam
1377 1848 1702 1918 columnas
1748 1851 1791 1940 (
1821 1855 1919 1917 ita
1968 1836 2417 1943 appellantur,
2476 1852 2583 1919 in-

516 1951 668 2041 quit
705 1998 725 2031 ,
793 1976 1007 2043 parvae
1057 1948 1332 2040 insu'lae)
1353 1951 1837 2045 provehi.1nde
1862 1950 2094 2021 Cerne
2124 1946 2359 2035 πυμάτη
2395 1950 2585 2021 Dio-

515 2054 714 2141 nysio
736 2050 758 2097 ³
783 2102 804 2133 ,
849 2054 1159 2145 aliisque.
1188 2054 1530 2148 Loquitur
1558 2055 1743 2123 enim
1773 2056 1869 2124 ita
1900 2051 2138 2146 Scylax
2168 2071 2246 2122 ut
2273 2053 2589 2130 solebant

381 2231 399 2247 ,
513 2172 776 2225 veteres
828 2158 1250 2251 geographi,
1304 2158 1577 2248 quoties
1630 2161 1717 2226 de
1767 2176 2091 2225 terrarum
2149 2156 2585 2251 cognitarum

429 2278 434 2283 ·
515 2256 768 2328 ultimis
806 2277 985 2327 esset
1033 2283 1290 2341 sermo,
1350 2278 1426 2328 ut
1474 2263 1610 2351 jam
1664 2260 1825 2327 olim
1866 2258 2261 2329 observavit
2312 2255 2589 2327 Plutar-

515 2352 762 2430 chus4.
825 2360 921 2429 At
962 2359 1246 2436 Cernen
1289 2363 1465 2431 ultro
1503 2363 1813 2453 citroque
1854 2360 2335 2457 navigabilem
2354 2379 2593 2431 noster

503 2462 752 2534 ,saltem
791 2456 951 2533 facit
992 2462 1278 2533 Hanno·
1323 2466 1475 2533 Imo
1523 2465 1754 2533 multis
1804 2464 2057 2532 deinde
2095 2480 2254 2555 post
2304 2462 2592 2534 Cernen

513 2564 795 2647 diebus,
841 2569 926 2635 ad
975 2564 1270 2637 Gorillas
1319 2592 1393 2637 se
1432 2568 1831 2659 pervenisse
1878 2563 2239 2635 fabulatur.
2290 2564 2391 2637 Ex
2446 2567 2591 2635 hoc

513 2684 742 2735 autem
774 2667 1033 2761 Ephori
1066 2671 1460 2740 testimonio
1494 2669 1883 2765 colligimus
1910 2718 1928 2753 ,
1974 2687 2051 2739 ut
2084 2668 2225 2755 aliae
2262 2686 2457 2741 erant
2496 2668 2593 2737 ab

515 2768 879 2841 Hannonis
915 2772 1282 2843 rationibus
1309 2774 1607 2841 rationes
1638 2770 1926 2863 Scylacis
1944 2820 1963 2851 ,
2018 2772 2113 2845 sic
2140 2771 2345 2839 etiam
2370 2768 2594 2841 fuisse

512 2874 910 2969 vetustiores
928 2901 950 2956 3
1007 2893 1074 2943 et
1115 2876 1413 2945 rationes
1467 2875 1759 2965 proinde
1822 2873 2227 2944 Phoenicum
2278 2872 2596 2953 similiter

513 2976 930 3067 antiquiores
973 2974 1184 3047 fuisse
1228 2976 1603 3047 rationibus
1634 2975 2248 3067 Libyphoenicum,
2290 2974 2449 3043 licet
2477 2976 2598 3043 ni-

409 3154 414 3157 ,
513 3077 654 3145 hilo
696 3077 944 3150 fiterint
975 3077 1251 3149 fortasse
1290 3082 1604 3152 veriores.
1640 3077 1991 3147 Convenit
2024 3100 2227 3169 porro
2250 3100 2411 3153 ,cum
2446 3076 2599 3149 hoc

509 3178 772 3271 Ephori
825 3182 1217 3255 testimonio
1271 3184 1473 3251 etiam
1523 3177 1966 3251 Herodotus⁵
1995 3230 2013 3263 ,
2074 3180 2197 3270 qui
2248 3196 2487 3247 notam
2554 3204 2601 3251 e

513 3280 1196 3385 Carthaginiensium
1239 3284 1833 3379 navigationibus,
1874 3305 2085 3375 quam
2110 3280 2449 3373 appellat
2430 3303 2597 3372 rpse

515 3383 850 3477 Cyranin,
884 3370 1059 3455 insta
1081 3384 1505 3469 Columnas,
1522 3406 1601 3457 ut
1622 3388 1915 3465 videtur,
1946 3384 2145 3477 ponit
2176 3382 2597 3460 Herculeas

513 3486 724 3559 Certe
751 3488 882 3559 illis
920 3488 1144 3582 Libyae
1171 3492 1304 3561 oris
1339 3490 1675 3584 opponit,
1716 3512 1882 3580 quas
1935 3502 2176 3581 postea
2208 3498 2395 3553 extra
2428 3482 2601 3555 Co-

511 3565 784 3663 lumnas
806 3588 1258 3685 fuissetradit.
1285 3589 1393 3663 Sic
1419 3590 1633 3671 fuerat
1656 3613 1937 3660 necesse
1970 3607 2046 3657 ut
2072 3593 2120 3655 e·
2140 3586 2381 3658 Rubro
2412 3593 2601 3661 mari

593 3756 610 3780 ¹
642 3750 714 3807 Sc
756 3752 942 3829 lax,p.
968 3750 1166 3829 53.'—
1208 3757 1230 3781 ²
1254 3754 1389 3810 Plin.
1411 3753 1539 3816 Nat.
1565 3752 1923 3825 He'savl,31.
1965 3782 2039 3792 -—-
2079 3746 2342 3820 ³Dionys.
2370 3771 2421 3804 v.
2454 3770 2593 3821 2¹9·

514 3856 587 3875 --
625 3822 706 3882 ⁴1²
730 3830 932 3887 utarch.
963 3830 1064 3889 Vir.
1091 3828 1274 3903 Thes.(
1299 3832 1412 3885 init.
1440 3832 1454 3901 )
1508 3862 1583 3875 --
1638 3836 1657 3874 5
1690 3824 2098 3889 Herodot.‘l.1v,
2125 3844 2172 3880 c,
2208 3838 2327 3897 195.
