2809 4642
1017 325 1107 376 m
1165 322 1606 377 senacssn.
2033 338 2040 343 ·
2209 326 2294 399 39
2310 328 2343 397 3

272 420 332 482 in
364 416 632 483 Arcadia
665 421 921 507 Lepreon
954 422 1236 487 Arcadioe
1266 436 1584 483 memorat.
1623 418 1748 485 Sed
1789 420 1915 485 haec
1950 420 2116 494 due,
2163 444 2357 483 unum

179 542 189 560 .
273 502 557 589 idemque
594 500 737 567 s'unt
766 550 782 583 ‚
836 526 971 588 quae
1018 504 1359 589 duplicavit
1412 504 1688 580 Plinius,
1749 504 1890 567 ideo
1951 505 2120 589 quod
2163 509 2359 569 varias

272 588 541 671 ejusdem
566 587 693 653 loci
715 612 824 673 pro
846 594 1027 652 variis
1050 590 1424 671 temporibus
1453 588 1885 674 descriptiones
1907 594 2152 653 incaute
2175 590 2359 653 colle-

212 680 233 690 ‘
269 672 697 757 gei-absimili
736 696 933 739 errore
962 674 1317 751 laborabat,
1349 674 2070 761 quum-Macroceplmlos
2101 690 2162 736 et
2197 676 2358 735 Ma-

268 782 467 823 crones
510 760 657 839 (a),
696 758 1007 843 duplicem
1048 778 1290 842 gentem
1340 781 1466 822 esse
1503 758 1805 834 credidit3
1852 758 2021 845 quod
2060 775 2221 822 recte
2250 757 2360 823 de·

266 842 589 928 prehendit
616 842 862 907 doctiss.
891 845 1151 931 Corayus
1178 845 1258 908 a‘d
1296 844 1664 907 Strabonem
1690 845 1811 929 (b).

294 977 311 987 .
340 948 503 1011 205.
548 926 755 1011 Vulgo
774 926 895 991 ‘Eia‘
922 926 987 989 A*
1024 924 1229 998 πόλεις
1248 931 1307 1005 αἱ
1323 924 1572 1013 με’)αλεᾳ
1600 930 1624 1013 ]
1665 928 1827 1011 Lege
1851 951 1924 991 ex
1965 928 2106 993 cod.
2134 927 2324 991 altero
2343 972 2360 1000 ,

267 1012 369 1077 siai
407 1010 473 1075 ἆὲ
510 1007 1060 1094 πόλειςᾶνμεσυγείᾳ
1093 1018 1149 1087 αἱ
1180 1009 1607 1096 μεγῖληαῖδὶ,
1643 1012 1763 1075 διε.
1824 1015 2082 1080 Vossius.
2388 1026 2412 1037 '

316 1098 429 1159 ·In
482 1094 579 1171 his*
614 1102 835 1174 miror,
882 1122 990 1161 cur
1028 1120 1249 1161 vocem
1290 1092 1464 1159 αιὸπὶἷν
1515 1096 1776 1181 expellat
1825 1098 2120 1173 Vossius,
2169 1117 2362 1181 quum

271 1186 487 1266 utique
521 1179 599 1241 de
626 1182 729 1244 illa
766 1183 917 1245 nihil
952 1181 1121 1245 dicat
1148 1182 1570 1259 Hoeschelius‚
1611 1201 1679 1245 ut
1702 1181 1865 1245 haud
1891 1181 2082 1245 dubie
2119 1186 2182 1243 in
2225 1204 2361 1243 mss.

265 1284 481 1329 exstet.
514 1264 874 1331 Gronovius.

306 1378 315 1384 ·
350 1350 503 1415 206.
548 1349 863 1428 Παεὲίπλκς
904 1350 967 1413 Ji
1004 1349 1097 1422 ⁷555
1124 1349 1456 1424 ΛεορεαἿῶν
1483 1345 1732 1438 χιῖὔῑς]
1778 1351 1930 1414 Non
1968 1349 2362 1425 'mit-andum,

263 1434 589 1519 Scylacem
611 1437 786 1513 heic,
830 1436 946 1512 ubi„
962 1435 1041 1498 de
1076 1434 1347 1499 Arcadia
1371 1436 1686 1518 loquatut,
1727 1436 1802 1497 ad
1844 1436 2168 1519 Lepreatas
2211 1456 2361 1497 con·
2417 1455 2424 1459 ·

264 1522 505 1585 vertere
529 1519 890 1585 sei-monem.
934 1521 1101 1583 Nam
1138 1519 1407 1583 Arcadia
1437 1516 1878 1601 mediterranea
1915 1520 2003 1583 est
2043 1522 2210 1602 regio
2237 1565 2258 1594 ‚
2303 1536 2365 1581 et

266 1628 575 1691 nusquam
602 1611 755 1669 mari
776 1609 1011 1681 vicina,
1038 1609 1154 1667 nisi
1180 1602 1345 1689 apud
1379 1604 1677 1689 Lepreum
1707 1606 1918 1669 urbem
1958 1608 2362 1679 maritimam3

263 1713 409 1773 quae
446 1692 651 1753 obstat
677 1736 696 1766 ,
740 1694 1068 1775 quominus
1092 1688 1170 1751 ad
1204 1686 1367 1751 mare
1392 1693 1728 1773 pertingat3
1757 1689 2074 1769 etidcirco
2103 1687 2364 1771 Lepi-ea-

262 1780 470 1838 ta'nim
512 1778 1137 1859 psaeternavigationis
1180 1774 1376 1837 stadia
1423 1790 1736 1837 enumerat
1763 1820 1784 1851 ,
1849 1796 1971 1837 non
2027 1771 2362 1837 Arcadum.

273 1860 546 1927 Vossius.
1111 1878 1115 1888 ·
1765 1906 1775 1916 ,

345 1944 796 2010 Hallucinatur
826 1945 927 2007 hic
955 1943 1227 2010 Vossius.
1258 1942 1451 2007 Conf.
1479 1966 1636 2029 supr.
1661 1961 1790 2007 not.
1817 1948 1961 2021 204.
2207 1998 2211 2002 .

298 2049 503 2111 7207.
546 2028 739 2111 Πρώτη
777 2027 1017 2097 Μεσσήνη
1052 2025 1141 2103 κριὲ
1174 2026 1340 2110 mm&
1366 2024 1755 2114 Κυπάασπς]
1789 2028 2064 2113 Scylacis
2093 2042 2366 2111 tempore

264 2115 443 2177 nulla
481 2113 683 2177 adhuc
716 2115 856 2177 urbs
891 2114 1009 2176 fuit
1036 2116 1354 2190 Messene,
1388 2114 1494 2177 sed
1523 2136 1750 2177 nomen
1791 2130 1918 2176 erat
1958 2117 2144 2179 totius
2178 2115 2368 2194 regio-

258 2205 393 2275 nis,
434 2222 561 2261 non
600 2198 797 2276 urbis,
840 2202 1164 2283 tit-'optime
1199 2203 1438 2273 notavit
1478 2198 1808 2269 Pausanias
1845 2200 2365 2261 Messeniacorum

261 2288 456 2348 initio
485 2330 507 2360 ,
562 2301 622 2346 et
668 2302 814 2347 tunc
852 2283 1101 2349 demum
1146 2286 1431 2347 Messene
1468 2284 1608 2346 urbs
1647 2282 1810 2347 iacta
1844 2285 1962 2345 fuit
1987 2310 2014 2357 ,·
2045 2286 2368 2366 postquam

263 2368 601 2444 Thebani,
626 2367 785 2431 duce
810 2366 1241 2453 Epaminonda
1251 2388 1268 2443 3
1291 2370 1628 2431 Messenios
1650 2367 1854 2431 exules
1870 2368 2370 2450 undiquaquere-

260 2469 655 2519 vocaverunt
684 2453 954 2538 pluribus
981 2470 1117 2537 post
1148 2452 1421 2536 Scylacis
1452 2452 1760 2538 Periplum
1786 2456 1958 2515 annis
1975 2498 1992 2526 ,
2017 2455 2239 2535 quippe
2261 2453 2369 2534 qui

259 2562 421 2624 opus
446 2536 603 2600 illud
637 2538 839 2600 Dario
867 2539 1053 2601 Ocho
1082 2537 1412 2614 dicaverit,
1437 2540 1602 2621 quod
1633 2542 1717 2599 ait
1747 2541 1994 2621 antiqua
2024 2532 2370 2619 hypothesis

258 2624 343 2687 ad
392 2623 743 2705 Scylacem.
789 2622 958 2685 Tum
986 2624 1269 2688 Messene
1310 2622 1450 2684 urbs
1487 2645 1610 2684 non
1649 2621 1765 2683 fuit
1799 2626 1993 2705 prima
2029 2618 2370 2683 secundum
2465 2624 2474 2633 '

258 2708 558 2773 ordinem
588 2730 773 2790 quem
800 2705 1073 2792 sequitur
1098 2706 1359 2789 Scylax,
1400 2712 1526 2769 imo
1553 2704 1679 2769 fere
1718 2707 1950 2769 ultima.
1995 2704 2146 2767 Ideo
2185 2693 2370 2767 c'redo

259 2793 575 2860 excidisse
600 2792 719 2855 hoc
748 2791 887 2856 loco
914 2813 1141 2857 nomen
1166 2787 1387 2866 Πόλος,
1428 2790 1506 2853 de
1527 2811 1648 2875 qua
1675 2796 2016 2855 meminisse
2045 2788 2262 2853 debuit
2288 2786 2381 2871 ob·

258 2880 397 2943 loci
426 2876 884 2960 celebritatem,
924 2896 983 2939 et
1015 2876 1185 2961 quod
1217 2879 1523 2959 sequitur,
1565 2874 1653 2951 κρυ*
1685 2872 1849 2955 λιμήν
1879 2871 2274 2949 *Kvm‘effio-oc,
2319 2891 2376 2937 et

246 2974 484 3051 portus·
530 2962 893 3049 Cyparissus.
935 2960 1009 3023 Id
1048 2964 1305 3023 omnino
1352 2960 1594 3026 suadet.
1626 2962 1769 3023 Fuit
1811 2964 1974 3023 enim
2015 2960 2374 3043 Cyparissus

256 3068 489 3134 portus
534 3051 606 3107 in'
651 3046 789 3129 Pyli
826 3048 1193 3110 Messeniaci
1240 3049 1488 3108 vicinia.
1544 3046 1760 3130 Itaque
1807 3064 1954 3128 puto
1998 3044 2374 3127 legendum:

258 3129 474 3212 optimi
518 3126 1013 3200 Μεσσήνης-Πόλος·
1046 3134 1132 3205 m)
1155 3126 1319 3209 λιμοΐν
1344 3126 1710 3201 Κυπτίασσυς.
1738 3130 2080 3193 Palmert'us
2119 3130 2300 3212 (ibid.
2327 3134 2374 3213 ).

296 3230 331 3254 Ἲ-
348 3220 635 3282 Minime
659 3214 733 3278 cl.
758 3216 1045 3279 Palmerii
1068 3215 1562 3280 emendationem
1588 3214 1876 3291 admitt0,
1905 3237 2100 3299 neque
2123 3216 2374 3277 alteram
2418 3218 2426 3227 ’

172 3344 177 3347 -
256 3302 434 3365 hanc
460 3301 804 3365 doctissimi
831 3304 903 3365 de
920 3301 1332 3364 Sainte-Croix
1347 3348 1371 3379 ,
1398 3306 1506 3385 qui
1534 3306 1620 3363 sic
1653 3300 1770 3383 legi
1805 3300 1940 3364 vult
1964 3300 2058 3383 (c)
2085 3324 2099 3361 ε
2129 3298 2170 3387 ᾖ
2201 3294 2380 3364 πόλεις·

252 3388 307 3461 ἐκ
338 3385 495 3464 adv?
532 3380 919 3464 aivi-nnpdm
947 3380 1351 3474 Κυπῶασπςῇ
1388 3384 1588 3465 ufir,
1622 3388 1812 3455 Πύλος
1829 3385 2068 3450 Μεσσήνη
2091 3381 2376 3469 dmg-oiim

256 3498 321 3535 κ..
343 3500 409 3535 τ.
435 3492 494 3533 λ.
520 3470 829 3531 Plurimos
852 3470 1037 3534 video
1054 3474 1420 3534 recentiores
1437 3516 1452 3543 ‚
1478 3474 1604 3531 imo
1631 3468 2000 3533 Strabonem
2025 3472 2217 3549 ipsum
2249 3468 2375 3547 (d),

255 3578 353 3621 et.
385 3556 762 3619 Pausaniam
818 3556 930 3638 (e)
964 3601 980 3630 ,
1034 3572 1323 3638 negantes
1368 3554 1581 3617 urbem
1628 3554 1814 3617 ullam
1862 3554 2187 3637 Messenen
2229 3560 2375 3613 ante

252 3638 785 3727 Epaminondam
835 3642 1147 3704 exstitisse.
1207 3638 1363 3701 Inde
1417 3637 1682 3701 delenda
1747 3642 2036 3700 nimirum
2103 3632 2374 3718 Scylacis

311 3794 397 3847 (a)
429 3793 527 3833 Lib.
548 3804 597 3832 vt
612 3820 627 3840 ,
651 3804 742 3845 cap.
763 3805 806 3843 4.
1180 3761 1187 3765 ὀ
1417 3789 1477 3842 (c)
1507 3791 1554 3829 In
1575 3790 1712 3830 Mim.
1731 3788 1779 3829 de
1793 3785 1949 3827 l’Acad.
1965 3796 1988 3827 t.
2009 3786 2122 3827 XLII
2136 3800 2254 3842 ‚pag-
2279 3798 2374 3843 373.

312 3850 391 3903 (b)
424 3850 521 3889 Lib.
538 3858 611 3889 xu
626 3874 639 3893 ,
658 3848 760 3887 toin.
782 3848 849 3894 IV,
880 3849 936 3889 2.‘
956 3858 1057 3903 part.
1093 3860 1183 3903 pag.
1200 3859 1251 3901 41
1272 3863 1283 3897 5
1419 3845 1486 3897 (A)
1516 3846 1610 3887 Lib.
1627 3857 1736 3892 vm,
1755 3857 1844 3897 pag.
1869 3840 1958 3898 358.

254 3904 516 3973 Traclucsion
536 3904 752 3960 sranfae'se.
1421 3902 1482 3955 (e)
1512 3903 1606 3945 Lib.
1626 3914 1687 3954 tv,
1707 3914 1798 3955 cap.
1815 3913 1862 3941 ,1-
