2809 4642
482 326 505 369 1
524 298 620 371 60
1192 313 1365 367 uc,
1425 310 1839 367 GnoNovn

554 416 703 477 Post
725 414 834 477 hos
874 431 936 477 et
960 413 1109 476 tales
1132 414 1295 476 viros
1319 428 1393 472 an
1414 409 1708 473 accedere
1729 409 2069 484 debuerim,
2093 424 2265 471 tuum
2279 454 2300 485 ,
2323 411 2420 471 vir
2439 430 2558 471 am-

508 500 769 575 lissime,
806 498 1107 580 judicium
1146 496 1328 559 facio,
1356 494 1676 579 ‘Equidem
1715 492 2006 557 dederam
2047 498 2110 556 in
2155 492 2474 578 Stephano
2507 512 2561 557 et

463 524 818 669 Pomponio
867 586 1200 668 specimina
1225 627 1245 657 ,
1292 596 1358 643 et
1394 594 1527 641 tum
1567 577 1791 655 Japida
1835 578 2174 662 Megaridis
2219 581 2563 664 Atticaeque

472 677 803 733 terminum
818 689 1221 755 reposueram,
1246 682 1377 727 tum
1395 670 1460 727 in
1476 663 1824 727 Adrumeto
1839 681 1902 726 et
1915 668 2052 725 sinu
2069 664 2394 727 Cercinite
2455 680 2567 728 ate·

468 755 619 816 bant
656 776 817 817 curae
850 776 998 818 meae
1020 756 1294 837 pignora.
1338 748 1484 812 Alia
1511 770 1638 811 non
1666 752 1918 811 minoris
1952 754 2250 811 momenti
2274 766 2424 832 puta
2471 770 2563 811 am

468 860 654 923 penes
694 860 789 901 me
828 838 1050 901 habere
1077 856 1270 921 squae
1309 834 1538 897 diutius
1577 854 1850 918 premere
1885 854 2011 895 non
2041 835 2434 918 patiebantur
2467 832 2570 896 ius

470 927 583 985 tria
600 968 616 995 ,
642 944 779 1006 quae
804 924 1153 985 enumeravi
1178 940 1371 1003 supra.
1403 917 1476 981 In
1503 942 1621 1003 qua
1647 934 1815 1001 parte
1837 921 1886 979 si
1907 919 2200 981 censendi
2223 919 2398 981 locus
2423 918 2568 979 mihi

468 1030 717 1092 quoque
755 1010 1131 1092 relinquatur
1149 1033 1177 1081 ,·
1203 1023 1307 1067 aut
1329 1008 1531 1087 potius
1559 1002 1723 1088 apud
1743 1022 1804 1065 te
1825 1002 2190 1088 profitendi,
2224 1025 2413 1087 quam
2443 1024 2563 1063 non

470 1110 701 1154 temere
742 1093 820 1156 ad
860 1092 1019 1155 hanc
1058 1088 1397 1153 editionem
1433 1095 1824 1171 processerim
1850 1136 1869 1164 ,
1929 1090 2026 1153 vel
2067 1092 2116 1149 si
2155 1086 2309 1151 nihil
2357 1103 2570 1173 praeter

470 1183 684 1239 unum'
709 1176 871 1239 istud
912 1169 1229 1260 αἷιφωπρῆν
1265 1178 1327 1237 in
1366 1176 1591 1259 pagina
1617 1190 1710 1237 XL
1740 1174 1994 1259 proferri
2031 1194 2066 1235 a
2102 1194 2202 1237 me
2244 1175 2568 1257 potuisset,

470 1280 637 1323 certe
675 1264 761 1323 sic
800 1260 1044 1340 adiutus
1078 1258 1305 1342 Scylax
1333 1258 1542 1321 denuo
1581 1280 1645 1321 se
1671 1259 1912 1321 ostendi
1939 1261 2267 1342 cupivisset
2297 1262 2362 1320 in
2393 1257 2566 1332 Ioco,

472 1345 581 1408 ubi
616 1364 931 1430 tantopere
968 1344 1320 1419 laborabat,
1364 1361 1426 1407 et
1465 1347 1529 1406 in
1565 1342 1925 1427 integrando
1960 1342 2253 1406 fatiscunt
2291 1341 2418 1405 duo
2464 1341 2568 1403 he-

470 1451 634 1507 roes,
672 1432 1002 1517 ignotaque
1030 1448 1117 1493 est
1145 1427 1388 1491 Graecia
1405 1474 1425 1503 ,
1459 1442 1520 1489 et
1543 1444 1861 1491 truncatur
1883 1426 2228 1505 vocabulo,
2261 1448 2384 1511 quo
2406 1430 2570 1489 anti-

516 1520 675 1577 uitus
714 1534 775 1578 et
812 1516 1013 1579 forsan
1057 1513 1404 1598 frequenter
1437 1532 1545 1573 usa
1585 1510 1721 1573 fuit.
1761 1511 1837 1574 Id
1875 1512 2098 1575 abhinc
2135 1511 2414 1575 exstabit.
2464 1510 2571 1574 Ne

468 1538 674 1661 dicam
707 1599 825 1664 hoc
861 1601 1117 1665 verbum
1140 1618 1297 1675 esse,
1320 1595 1491 1681 quod
1515 1594 1728 1659 valido
1751 1602 1925 1681 quasi
1949 1614 2258 1661 tormento
2287 1595 2568 1680 profligat

473 1684 605 1745 illas
639 1708 735 1747 sus
778 1690 1009 1749 iciones
1034 1684 1113 1747 de
1141 1686 1482 1769 propinqua
1513 1681 1690 1743 nobis
1721 1700 1900 1746 aetate
1929 1682 2108 1758 hujus
2143 1684 2328 1767 ipsius
2355 1681 2567 1765 Scyla-

476 1772 603 1843 cis;
665 1706 963 1855 achuam
1002 1790 1247 1833 causam
1288 1788 1414 1829 non
1453 1765 1646 1831 levius
1693 1766 2122 1831 molimentum
2165 1766 2395 1849 praebet
2444 1766 2567 1827 Di-

475 1854 775 1917 caearchus
792 1901 809 1928 ,
848 1858 953 1937 qui
981 1870 1333 1935 conspectas
1356 1873 1502 1914 sane
1527 1870 1588 1915 et
1615 1850 1914 1914 notabiles
1939 1870 2134 1936 partes
2165 1854 2468 1935 excerpsit
2493 1873 2565 1914 ex

475 1936 595 2002 hoc
630 1944 759 2021 ipso
785 1936 1070 2023 Scylace3
1110 1940 1209 2000 cui
1238 1958 1407 2021 spero
1434 1936 1551 1999 hac
1586 1941 1725 1998 vice
1750 1956 1786 1998 a
1819 1959 1917 1999 me
1945 1934 2321 1999 satisfactum
2358 1958 2505 1999 esse.

568 2024 669 2085 Ne
702 2024 987 2087 Vossiani
1018 2021 1245 2085 laboris
1270 2024 1568 2105 primitias
1597 2021 1727 2083 ullo
1753 2042 1972 2103 genere
2008 2021 2379 2094 delibarem,
2408 2024 2564 2103 peri-

475 2108 577 2193 plu
590 2130 659 2188 me
677 2106 860 2169 Ponti
894 2108 1125 2171 Euxini
1153 2122 1212 2169 et
1245 2104 1562 2168 Maeotidis
1589 2105 1864 2189 paludis,
1901 2110 2154 2169 nomine
2178 2109 2486 2189 scriptoris
2509 2122 2568 2167 et

474 2195 675 2275 capite
712 2192 1072 2277 spoliatum,
1126 2189 1373 2273 Scylaci
1421 2190 1872 2272 adglutinatum
1929 2191 2166 2277 reliqui.
2211 2190 2368 2253 Haec
2413 2212 2567 2264 una,

478 2280 732 2361 opinor,
765 2282 905 2339 satis
934 2281 1093 2355 justa
1124 2296 1305 2339 causa
1332 2293 1458 2337 erat
1491 2274 1868 2358 procedendi
1899 2297 2006 2358 per
2043 2274 2257 2339 eadem
2289 2278 2570 2359 vestigia.

476 2362 599 2425 Sed
634 2381 805 2424 tanto
842 2361 1130 2424 libentius
1172 2365 1255 2421 ita
1293 2357 1448 2433 feci,
1505 2363 1652 2441 quia
1685 2381 1812 2421 non
1855 2358 2078 2425 dubito
2123 2360 2243 2423 hoc
2275 2362 2570 2443 scriptum

474 2446 695 2523 fuisse,
722 2445 893 2532 quod
931 2448 1368 2531 cogitationem
1390 2448 1647 2526 primam
1687 2442 1767 2506 de
1799 2441 2042 2506 edendo
2073 2443 2337 2527 Scylace
2375 2446 2571 2525 subje-

478 2536 631 2594 cerit
664 2550 724 2593 et
762 2530 1084 2614 impulerit.
1120 2530 1289 2595 Nam
1338 2548 1414 2589 eo
1464 2532 1596 2611 ipso
1633 2548 1798 2590 anno
1828 2574 1845 2603 ,
1888 2550 2014 2613 quo
2051 2534 2182 2615 typi
2223 2526 2573 2611 significant

478 2615 776 2701 prodiisse
818 2615 1105 2679 volumen
1136 2662 1152 2691 ‚
1196 2616 1297 2678 cui
1331 2612 1573 2698 praefuit
1611 2611 1866 2676 Vossius
1890 2658 1906 2687 ‚
1955 2635 2172 2698 nempe
2206 2630 2468 2692 xxx1x3
2507 2612 2572 2676 id

478 2701 560 2763 ab
586 2723 647 2763 se
676 2700 1043 2784 descriptum
1075 2702 1178 2763 ille
1219 2706 1345 2783 ipse
1379 2698 1634 2760 Vossius
1669 2702 1732 2759 in
1774 2697 2130 2761 adversariis
2163 2699 2570 2783 chirographo

477 2808 593 2847 suo
621 2785 971 2862 adnotavit,
998 2804 1067 2849 ut
1094 2788 1316 2869 pariter
1352 2782 1508 2845 illud
1535 2786 1842 2865 acceperit
1877 2784 1955 2845 ab
1982 2783 2314 2859 Salmasi0,
2351 2789 2574 2869 pariter

479 2869 687 2933 fervor
711 2870 1067 2953 publicandi
1103 2872 1432 2932 incesserit.
1467 2868 1594 2930 Hic
1639 2873 1807 2930 enirn
1845 2867 1949 2932 ille
1978 2869 2113 2931 fons
2149 2886 2242 2931 est
2264 2914 2283 2943 ,
2327 2890 2404 2931 ex
2445 2890 2568 2953 quo

482 2960 755 3019 manavit
787 2960 899 3017 ista
938 2956 1280 3018 Marciana
1316 2951 1574 3037 Trajan}
1615 2976 1766 3015 uxor
1793 2974 1929 3036 pag.
1977 2955 2127 3030 160,
2179 2958 2293 3015 ista
2335 2957 2570 3016 mentio

476 3044 649 3103 sinus
692 3036 1075 3103 Carcinitidis
1102 3058 1237 3122 pag.
1293 3043 1407 3123 149
1433 3083 1452 3111 ,
1497 3036 1661 3099 istud
1701 3037 1793 3107 viic
1827 3036 2100 3119 Βοωυόρρυ
2134 3058 2269 3124 pag.
2323 3056 2442 3120 157
2480 3026 2570 3099 His

477 3130 779 3209 positum,
824 3128 997 3207 quasi
1022 3123 1191 3207 quod
1228 3126 1606 3204 grammatici
1634 3123 1962 3187 observant
1999 3123 2075 3187 de
2114 3122 2373 3186 vocibus
2413 3120 2570 3205 Τίφ-

480 3234 657 3287 wem
675 3228 733 3272 et
758 3202 983 3289 ἰσθμός,
1007 3226 1066 3271 et
1098 3204 1345 3291 quidem
1376 3228 1452 3270 ex
1487 3206 1786 3280 Pindaro,
1813 3206 2070 3271 dilatare
2091 3207 2276 3271 vellet
2303 3206 2384 3269 ad
2413 3207 2572 3270 hanc

528 3318 729 3379 uoque
754 3314 973 3357 vocem
1001 3316 1016 3353 t
1049 3292 1318 3377 aliaque,
1362 3314 1501 3376 quae
1536 3296 1832 3374 praeterire
1860 3293 2082 3367 malui,
2120 3315 2306 3377 quam
2338 3292 2570 3354 notulis

474 3318 700 3465 Egere,
741 3400 1001 3466 quarum
1032 3380 1270 3460 copiam
1311 3395 1455 3439 sane
1479 3399 1603 3438 non
1635 3398 1796 3439 amo·
1843 3375 2102 3439 Utinam
2139 3376 2242 3439 ille
2275 3381 2573 3461 potuisset

482 3467 769 3551 quaedam
807 3487 933 3526 non
974 3463 1233 3527 scribere
1276 3465 1289 3525 Ξ
1331 3461 1758 3523 Nihilominus
1801 3476 1871 3523 ut
1907 3460 1973 3523 id
2007 3464 2295 3545 scriptum
2338 3466 2402 3524 in
2451 3462 2570 3525 hoc

472 3572 703 3615 acervo
741 3551 860 3632 legi
898 3547 1151 3624 vellem,
1202 3552 1622 3611 necessitatem
1662 3568 1910 3631 quoque
1943 3546 2277 3609 attulerunt
2308 3546 2571 3629 singula-

482 3658 611 3699 rem
638 3640 747 3719 ipsi
784 3635 847 3695 hi
877 3633 1023 3696 dies.
1053 3633 1223 3696 Nam
1248 3654 1440 3719 quum
1469 3636 1532 3693 in
1569 3653 1644 3693 eo
1671 3654 1795 3693 non
1821 3648 2061 3693 tantum
2084 3648 2367 3716 appareat
2388 3630 2568 3694 facile

470 3724 827 3804 cuicunque
869 3719 1095 3803 legenti
1132 3718 1370 3781 latitare
1392 3716 1723 3781 versiculos
1752 3735 1812 3779 et
1836 3715 1957 3779 levi
1991 3738 2162 3779 musa
2192 3715 2564 3779 elaboratam

476 3804 793 3889 quandam
823 3804 1151 3870 verborum
1182 3807 1430 3876 seriem3
1475 3800 1583 3867 sed
1621 3806 1748 3887 ipse
1787 3801 2102 3867 literarum
2141 3820 2246 3867 rex
2297 3800 2562 3886 Scaliger
