2809 4642
952 334 1043 387 m
1099 330 1604 387 HANNONEM.
2193 344 2330 409 *27

328 454 419 510 17.
456 426 959 516 Παρςινὴαίξαιπς]
984 430 1147 515 Lege
1182 431 1636 517 wadia-ter.
1677 428 1939 516 Aliquid
1963 432 2206 497 obscuri
2245 444 2334 501 vi-

241 518 413 581 detur
434 518 677 583 subesse
702 518 847 581 huic
877 518 1039 581 loco.
1076 518 1142 579 N
1149 540 1232 581 on
1258 518 1454 601 liquet
1490 533 1697 581 utrum
1719 516 1827 579 has
1850 522 2127 603 quinque
2153 522 2334 586 urbes

238 602 601 681 condiderit,
622 602 773 665 dum
794 608 977 671 unius
992 602 1119 667 diei
1143 607 1361 669 itinere
1376 625 1413 667 a
1430 603 1570 667 lacu
1593 600 1931 679 recederet,
1954 624 2056 680 an,
2080 627 2332 673 emenso

237 706 469 752 tantum
496 688 623 751 diei
649 692 887 764 itinere,
912 688 1089 751 urbes
1106 688 1373 751 condere
1396 692 1738 773 hcoeperit.
1767 688 2054 751 Obscura
2075 713 2330 777 quoque

228 774 363 836 haeo·
376 775 617 838 locutio
641 790 731 837 est
754 774 963 859 paullo
998 770 1157 838 infra
1180 798 1197 835 ε
1224 768 1465 839 κοὶκὲἰθεν
1497 768 1572 836 δν
1605 769 1936 859 ἂναχθένπς
1971 762 2200 854 ἤλθομεν
2241 772 2332 840 ἐπὶ
2395 822 2405 830 ·

226 855 471 942 σοΊαμᾶν
502 855 685 940 Δι’ξον.
724 860 879 925 Non
909 863 1098 944 magis
1140 860 1333 944 liquet
1377 882 1458 923 an
1493 863 1698 923 statim
1725 859 1806 921 ab
1832 857 1984 921 urbe
2018 859 2290 947 Aramby
2303 912 2328 943 ,

228 961 527 1027 postrema
544 945 796 1009 urbium
819 948 1093 1031 quinque
1116 943 1508 1017 conditarum
1523 990 1546 1021 ,
1569 944 1652 1009 ad
1675 944 1903 1009 Lixum
1928 943 2328 1023 devenerint,

226 1029 695 1095 intervallumne
714 1029 1033 1115 quoddam
1068 1027 1414 1097 interfuerit
1443 1028 1523 1093 de
1555 1053 1682 1114 quo
1707 1029 1887 1094 sileat
1911 1029 2168 1093 Hann0.
2197 1030 2327 1097 Sed

226 1130 445 1179 natura
466 1119 599 1198 ipsa
624 1116 909 1181 locorum
926 1116 1129 1179 lucem
1153 1116 1488 1197 Hannonis
1513 1115 1713 1179 verbis
1733 1113 1992 1177 adferat.
2022 1114 2326 1181 Videmus

221 1204 381 1262 enim
412 1199 573 1265 infra
595 1200 939 1267 Poenorum
958 1200 1189 1263 ducem
1216 1199 1399 1263 bidui
1436 1203 1830 1281 'navigatione
1858 1221 1892 1261 a
1923 1200 2082 1262 Lixo
2109 1223 2326 1281 amne,

220 1307 385 1349 nunc
417 1287 647 1363 Lucos,
691 1286 983 1352 devenire
1014 1282 1097 1346 ad
1130 1287 1333 1343 sinum
1370 1281 1482 1342 ubi
1513 1282 1718 1345 Cerne
1743 1283 1944 1345 insula
1965 1304 2126 1364 erat,
2155 1294 2328 1367 juxta

218 1390 463 1433 amnem
486 1392 655 1433 nunc
684 1370 893 1444 Sebou,
912 1385 983 1429 ut
1008 1387 1154 1429 mox
1167 1364 1594 1448 probabimus,
1622 1366 2076 1449 adpellandum.
2105 1372 2325 1449 Quum

218 1473 429 1518 autem
458 1475 778 1519 emensum
806 1450 1017 1535 paullo
1032 1473 1223 1534 ,supra
1244 1449 1638 1513 intervallum
1669 1453 1746 1533 (a
1768 1450 1908 1513 lacu
1945 1453 2178 1517 scilicet
2205 1461 2324 1520 isto

208 1538 293 1599 ad
328 1539 563 1601 Lixum
586 1539 867 1619 amnem)
898 1535 1159 1603 dimidia
1178 1558 1313 1621 pars
1332 1539 1412 1598 sit
1433 1539 1740 1619 sequentis
1777 1537 2082 1599 intervalli
2106 1560 2142 1601 a
2165 1539 2326 1603 Lixo

209 1622 299 1686 ad
344 1624 615 1686 fluvium
662 1622 881 1699 sehon,
924 1620 1073 1685 inde
1109 1618 1615 1701 concludendum
1661 1623 1844 1683 unius
1882 1623 2322 1688 tantummodo

210 1706 342 1771 diei
369 1730 411 1769 >a
437 1707 579 1771 lacu
604 1730 795 1791 usque
827 1706 907 1769 ad
943 1706 1169 1771 Lixum
1202 1710 1317 1769 iter
1344 1704 1776 1768 aestimandum
1805 1726 1950 1769 esse.
1987 1705 2326 1783 Illudtan-

208 1809 343 1854 tum
382 1790 901 1857 considerandum
918 1808 1007 1855 est
1024 1839 1043 1868 ,
1072 1792 1195 1855 hoc
1217 1794 1400 1855 unius.
1423 1790 1549 1854 diei
1587 1795 1702 1853 iter
1743 1806 1872 1853 non
1897 1813 2022 1853 una
2048 1792 2152 1857 die
2179 1817 2324 1859 vere

206 1895 527 1960 peractum
563 1878 778 1952 fuisse,
810 1901 1005 1963 quum
1027 1876 1422 1941 intervallum
1448 1899 1575 1941 non
1599 1880 1920 1961 temporis,
1955 1878 2063 1943 sed
2087 1882 2320 1944 itineris

206 1960 560 2039 definiatur,
586 1962 867 2027 conditas
890 1966 1166 2047 quinque
1194 1961 1371 2025 urbes
1407 1961 1892 2045 complectentis·
1919 1961 2097 2027 Voce
2133 1970 2318 2047 igitur

205 2045 646 2133 παρφλλαῖξοινπς
675 2051 917 2110 itineris
955 2045 1275 2132 quoddam
1320 2050 1618 2130 spatium,
1661 2065 1726 2109 et
1760 2046 1946 2109 simul
1981 2046 2178 2112 litoris
2217 2055 2314 2113 in-

206 2133 532 2195 tervallum
552 2134 619 2195 in'
640 2154 769 2215 quo
794 2132 975 2195 urbes
1000 2130 1267 2197 conditae
1286 2150 1575 2215 surgunt,
1598 2136 1974 2214 exprimitur.

297 2236 321 2277 ι
336 2215 395 2280 8.
425 2216 865 2303 Κατῳκιιῖσαμεν]
888 2217 1115 2282 Malim
1142 2215 1538 2297 κατῳκὶσαμεν,
1556 2215 1798 2281 averbo
1809 2213 2119 2298 κατοικίζω,
2139 2221 2314 2305 quod

197 2295 381 2377 κτίζων
402 2303 507 2383 (α)
538 2301 860 2385 significat.
888 2302 1061 2365 Nam
1094 2300 1329 2365 Hanno
1356 2310 1464 2383 (ut
1491 2301 1999 2365 verisimillimum
2029 2306 2154 2384 est)
2185 2326 2313 2369 non

200 2384 579 2449 habitatores
613 2386 963 2450 civitatibus
994 2390 1277 2464 immisit,
1316 2387 1424 2450 sed
1459 2391 1688 2471 primus
1720 2387 1898 2451 urbes
1945 2409 2043 2450 eas
2091 2392 2156 2451 in
2195 2390 2311 2455 hac

199 2474 459 2553 regione
482 2470 785 2535 condidit.
821 2472 1065 2537 Gesner.
1094 2538 1099 2543 ,

134 2616 137 2619 ,
293 2574 394 2639 19.
438 2551 667 2641 Καρικόν
706 2551 1011 2643 π’τὲἷχος]
1037 2556 1206 2621 Urbs
1238 2573 1331 2621 est
1354 2556 1571 2639 Lihyae
1598 2555 1680 2619 ad
1703 2561 2010 2619 sinistram
2033 2557 2308 2621 Colum-

196 2660 419 2703 narum
445 2640 767 2717 Herculis‚
794 2660 865 2705 ut
888 2644 1171 2727 Ephorus
1200 2642 1301 2726 (h)
1334 2641 1565 2705 scribit.
1589 2640 1941 2705 Verisimile
1971 2663 2184 2707 autem
2215 2665 2306 2709 est

194 2723 275 2786 ad
298 2726 467 2789 hunc
499 2727 709 2791 Iocum
737 2725 929 2791 Cares
962 2732 1345 2811 pervenisse,
1366 2730 1478 2812 qui
1503 2730 1692 2790 etiam
1733 2726 1966 2791 Carico
1991 2732 2056 2791 in
2091 2732 2305 2793 Mem-

194 2808 386 2891 phide
419 2835 649 2875 nomen
684 2810 1011 2877 dederunt.
1048 2814 1283 2877 Gesner.

284 2896 489 2959 Fallor
508 2920 587 2964 an
610 2894 842 2983 Kapmdr
864 2893 1041 2985 τεῖχος
1056 2946 1075 2971 ,
1110 2922 1313 2961 murus
1342 2898 1590 2962 Caricus
1602 2944 1627 2975 ,
1671 2897 1879 2960 Poenis
1903 2895 2040 2974 erat,
2055 2909 2184 2963 ΟἿΠ
2207 2910 2303 2989 *up

194 2980 321 3041 Kir
352 2982 583 3061 chares,
624 3005 833 3047 murus
872 2982 1071 3059 Solis,
1112 2990 1284 3064 cujus
1328 2988 1596 3046 nominis
1625 2981 1839 3045 urbem
1883 2986 1944 3043 in
1999 2984 2302 3049 Moabitis

194 3085 501 3129 memorat
552 3067 736 3131 Isaias
752 3115 773 3145 ,
814 3090 866 3130 c.
924 3070 1035 3146 16.Ι
1075 3091 1134 3129 v.
1189 3085 1268 3131 11.
1326 3067 1574 3146 Quidni
1599 3072 1764 3133 enim
1818 3069 1998 3131 Cares
2047 3090 2122 3131 ex
2171 3080 2299 3133 mr!

190 3150 408 3213 fecerit
432 3152 687 3217 Graecus
716 3158 1039 3237 interpres,
1066 3152 1387 3238 quomodo
1413 3154 1518 3217 alii
1555 3154 1816 3217 Carrhas
1853 3175 1928 3215 ex
1965 3164 2068 3243 ῙἻΠ
2107 3155 2301 3218 Char-

191 3259 323 3313 ran,
364 3256 429 3299 et
452 3238 785 3302 Malacam
818 3260 897 3301 ex
918 3228 1123 3303 NnSn
1152 3238 1500 3315 Malacha,
1528 3256 1601 3315 ,et
1639 3238 1705 3299 T
1698 3260 1980 3325 aps-acum
2011 3260 2088 3301 ex
2115 3248 2299 3303 monn

195 3321 499 3407 Tipsach,
537 3322 779 3387 hebraea
818 3323 1231 3407 adspiratione
1269 3339 1505 3386 mutata
1548 3328 1612 3385 in
1669 3324 2006 3387 consonam
2029 3323 2112 3385 K!
2159 3326 2292 3385 Aut

190 3423 257 3469 ut
286 3412 351 3469 in
374 3406 499 3470 hoc
530 3413 662 3491 ipso
698 3420 824 3471 ΒἾΠ
852 3408 1085 3473 factum
1120 3426 1211 3471 est
1238 3412 1544 3493 persicum
1579 3418 1729 3469 tvm:
1772 3410 1948 3473 Cores-
1979 3408 2080 3472 vel
2101 3408 2294 3493 Cyrus

188 3514 297 3574 pro
322 3490 503 3557 Soles
540 3492 903 3560 Plutarchus
924 3498 993 3557 in
1022 3494 1359 3559 Artaxerxe
1388 3495 1511 3577 (c),
1544 3492 1652 3556 ubi
1691 3492 1771 3560 de
1801 3494 1958 3578 Cyri
1995 3496 2248 3555 nomine
2271 3514 2293 3554 ε

187 3574 293 3724 ἔφη)
313 3575 429 3725 ἶοῧ
454 3572 607 3645 ἡλίου
660 3578 892 3660 μνέσθιη
938 3576 1083 3658 φασί.
1134 3577 1323 3663 Κῧρρν
1356 3578 1461 3665 yx'p
1511 3574 1698 3643 καλεῖν
1735 3578 1955 3662 Πέρσης
2007 3574 2084 3639 ’κᾶν
2126 3569 2291 3643 ἥλιον.

246 3688 312 3727 oc
334 3682 473 3727 rart.

242 3837 307 3890 (a)
336 3836 471 3881 conf.
488 3837 653 3878 Duker.
670 3835 821 3879 Admn
838 3838 895 3883 ad
912 3838 1029 3883 Thac.
1054 3839 1133 3891 VI,
1150 3851 1192 3895 2,
1301 3850 1307 3855 ’
1326 3836 1391 3889 (b)
1419 3835 1546 3891 Apud
1565 3834 1762 3889 stephan.
1786 3832 1833 3875 de
1853 3831 1957 3876 Urb.

190 3900 290 3936 tom.
308 3896 349 3937 11
368 3924 381 3945 ,
406 3908 497 3951 pag.
519 3908 541 3952 5
555 3922 569 3946 ,
588 3894 689 3938 edit.
708 3896 853 3939 Bauer.
1330 3894 1410 3947 (c)
1441 3894 1538 3936 lnit.
1559 3904 1588 3936 t.
1607 3895 1652 3946 1,
1669 3906 1711 3947 p.
1733 3902 1864 3941 10125
1881 3890 1947 3942 A,
1965 3892 2032 3934 cd.
2051 3888 2243 3933 Francos.
