2809 4642
933 328 1024 379 m
1078 325 1572 383 HANNONEM.
2204 340 2223 381 1
2253 338 2280 403 5
2336 359 2343 371 =

198 432 306 503 His
323 432 700 526 enimipsis
735 430 1095 501 columnis
1120 432 1547 525 Phorcynem
1578 429 2000 529 Gorgonum
2024 448 2305 527 patrem·

202 556 498 636 regnasse
555 535 822 606 statuit
874 532 1314 629 Palaephatus.
1363 536 1465 604 Ut
1506 534 1802 629 proinde
1854 556 2003 605 non
2032 530 2289 609 'vicinae

207 641 666 709 tantummodo
687 690 709 721 ,
736 639 1191 710 verumetiam
1224 640 1501 730 penitus
1516 640 1773 709 eaed'em
1782 689 1801 722 ,
1830 636 2087 707 fixerint
2112 691 2131 723 ,
2157 664 2286 733 pro
2376 666 2385 677 ·

209 742 292 810 his
304 742 839 836 hypothesibuS,
859 741 1320 834 Hesperidum
1336 741 1583 809 insuia-
1605 757 1813 833 atque
1838 738 2286 839 Gorgonum.

213 844 451 917 Harum
463 866 694 914 unam
711 842 1140 913 Gaditanam
1157 842 1396 928 fixisse,
1410 843 1527 914 vix
1541 860 1643 913 est
1654 846 1850 937 quod
1868 844 2285 917 dubitemus.

218 943 580 1017 Secundam
607 947 810 1017 iilam
839 945 1057 1017 fuisse
1085 960 1298 1041 pute,
1338 970 1547 1039 quam
1574 943 1747 1016 Solis
1782 946 2136 1040 appellant
2164 972 2286 1017 ve-

225 1065 393 1125 teres
444 1051 770 1121 Tertiam
809 1049 1034 1133 iilam,
1087 1072 1299 1143 quam
1345 1048 1649 1119 Junonis
1690 1046 1933 1119 fanum
1986 1070 2285 1125 vocant·
2267 1100 2285 1131 ,

225 1153 518 1241 quamvis
541 1156 740 1221 hanc
743 1152 1056 1222 ultimam
1078 1152 1374 1221 insulam
1393 1149 1605 1221 fixisse
1622 1170 1833 1249 negat
1858 1150 2287 1222 Ptolemaeus.

223 1247 468 1327 Sufficit
491 1273 730 1325 autem
754 1256 842 1323 ad
875 1257 994 1324 has
1024 1270 1384 1347 poetarum
1412 1252 1717 1334 fabulas,
1754 1255 1810 1321 si
1838 1252 2095 1323 fuerint
2124 1256 2289 1325 olim

226 1358 338 1445 qui
377 1360 496 1430 has
537 1358 862 1449 (rectene
897 1380 986 1427 an
1014 1354 1249 1447 secus)
1277 1355 1537 1423 insulas
1571 1373 1805 1423 tamen
1832 1377 2023 1423 veras
2052 1357 2289 1427 saltem

223 1455 430 1527 fixisse
449 1460 882 1530 crediderint.
914 1458 1134 1531 Porro
1167 1456 1533 1528 Pindarus·
1568 1456 2035 1551 Hyperboreis
2063 1460 2295 1529 asserit

229 1577 368 1627 tam
392 1560 832 1652 Hesperidas,
871 1584 1081 1654 quam
1115 1561 1318 1629 etiam
1355 1556 1762 1655 Gorgonas;
1798 1582 2087 1652 nempe,
2129 1561 2295 1652 quia

228 1662 426 1730 etiam
453 1662 881 1755 Hyperborei
914 1664 1120 1758 (quos
1145 1663 1413 1731 dubitat
1445 1662 1663 1731 ulline
1692 1660 1951 1735 fuerint
1978 1662 2293 1731 Herodo-

225 1764 408 1855 υπς’)
441 1766 647 1834 etiam
673 1766 842 1858 ipsi,
877 1767 1142 1858 quippe
1160 1760 1414 1857 parum
1431 1765 1693 1860 cogniti
1718 1814 1737 1846 ,
1777 1764 2011 1832 idonei
2054 1766 2293 1835 crediti

225 1866 348 1934 sint
361 1890 501 1959 quo
525 1866 774 1936 fabulae
801 1886 1034 1937 essent
1047 1866 1437 1936 referendae.
1456 1866 1537 1941 Id
1551 1884 1749 1935 certae
1764 1868 2022 1935 docent
2050 1865 2295 1937 fabulae

225 1970 308 2035 de
335 1968 630 2039 Abaride
655 1970 1114 2067 Pythagoreo,
1141 1966 1276 2039 Sed
1292 1970 1678 2045 scholiastes
1702 1969 1926 2039 nullos
1942 1967 2147 2038 fluisse
2172 1970 2295 2039 ob·'-

225 2090 439 2142 servat
465 2073 823 2143 historicos
845 2122 864 2154 ‚
899 2074 1021 2166 qui
1035 2072 1366 2155 Pindum,
1394 2090 1469 2141 ut
1485 2072 1577 2141 ita
1592 2088 1955 2154 assereret,
1986 2088 2295 2143 auctores

227 2195 371 2243 esse
391 2174 1044 2267 potuerint.1tac'1ue
1078 2178 1163 2244 ad
1191 2198 1469 2244 causam
1495 2191 1795 2243 nostram
1818 2176 2157 2249 sententia
2182 2174 2299 2244 issa

229 2276 392 2345 nihil
424 2274 621 2361 ficit,
669 2280 794 2370 qui
817 2280 906 2349 de
947 2300 1020 2345 re
1047 2280 1314 2375 agimus
1339 2278 1680 2350 historica.
1715 2272 1943 2345 Refert
1976 2296 2299 2369 praeterea

230 2376 638 2471 Hesperidas
683 2380 1064 2471 Dionysius
1101 2378 1124 2427 ³
1179 2382 1263 2450 ad
1297 2368 1767 2449 Cassiteridas.
1814 2376 1949 2447 Sed
1992 2378 2161 2460 illa,
2225 2380 2302 2447 ni
2342 2462 2347 2469 ι

227 2474 464 2563 fallor,
498 2485 836 2553 sententia
865 2500 1007 2551 erat
1036 2499 1390 2552 auctorum
1432 2484 1618 2551 hoc
1596 2504 1751 2574 ipso
1793 2482 2149 2555 Hannone
2181 2484 2302 2569 ju·-

231 2580 523 2652 niorum.

233 2796 282 2849 ς.
323 2786 434 2843 Vll.
471 2790 758 2849 Recentior
775 2792 1043 2868 praedictis
1065 2793 1322 2846 sententia
1349 2786 1417 2845 de
1440 2788 1663 2921 Chrene
1689 2803 1781 2845 aut
1798 2788 1981 2845 Cerne
2004 2788 2302 2857 Atlantica,

844 2884 1006 2943 quam
1036 2880 1216 2924 tamen
1234 2866 1470 2943 Sequlml‘
1546 2882 1703 2921 anno
1788 2934 1797 2941 q

240 3098 246 3103 ·
346 3056 510 3141 Quo
535 3079 764 3137 autem
791 3059 1114 3139 remotius
1141 3057 1553 3149 Hesperidas
1580 3052 2091 3154 Gorgonasque
2110 3106 2131 3139 ,
2167 3058 2302 3131 hoc

233 3161 449 3227 modo
461 3163 888 3261 designatas,
921 3186 961 3231 a
990 3160 1275 3257 cognita
1308 3159 1493 3235 orbis
1514 3176 1707 3251 parte
1738 3158 2185 3245 amovebant,
2216 3184 2303 3229 eo

233 3258 568 3345 juniorem
601 3264 968 3347 verisimile
995 3282 1098 3339 est
1125 3262 1597 3341 amoventium
1627 3260 1835 3338 ffiisse
1856 3262 2301 3339 sententiam:

235 3358 614 3445 iunioribus
627 3368 892 3445 scilicet
910 3369 1340 3443 decessorum
1358 3387 1643 3439 suorum
1660 3412 1679 3445 ‚
1706 3387 1883 3456 quos
1906 3366 2302 3450 credebant,

241 3482 494 3536 errores
521 3493 802 3562 semper
834 3468 1362 3565 corrigentibus.
1391 3466 1729 3545 Praedictae
1754 3489 1923 3564 ergo
1955 3466 2323 3545 sententiae

238 3584 471 3637 eorum
497 3592 692 3643 erant
725 3574 850 3665 qui
873 3571 1294 3666 Hesperidas
1307 3571 1398 3642 ita
1418 3568 1791 3663 appellatas
1806 3570 2305 3653 existimabant,

317 3764 502 3823 'pind
531 3766 681 3841 &ult⁸
703 3768 790 3837 X,
811 3789 864 3824 v.
895 3786 1061 3846 3osq.
1097 3800 1172 3817 -—
1213 3762 1453 3825 *Herod
1476 3766 1513 3823 Ι.
1534 3778 1615 3835 ιν,
1641 3782 1754 3841 cap.
1780 3784 1864 3839 32.
1913 3792 2009 3839 ----Ι
2042 3760 2311 3833 ³D10nys.

242 3833 438 3917 Perieg.
464 3864 511 3897 v.
546 3848 676 3919 563.
842 3898 844 3901 ,
