2809 4642
463 352 606 416 50
674 357 676 364 '
978 369 984 378 ·
1045 345 1474 397 DODWELLI
1534 343 2045 398 DISSERTATIO

454 531 464 545 ,
509 450 928 566 prodiderit,
977 451 1326 518 neminem
1367 451 1555 540 apud
1584 465 1843 516 veteres
1874 445 2275 566 reperimus.
2302 443 2368 513 A
2400 442 2579 515 Grae-

507 554 658 632 cis
669 575 840 648 ergo
896 557 916 640 (
945 540 1617 650 Carthaginiensium
1662 550 1979 620 scilicet‘
1958 573 2033 618 m
2082 547 2372 624 Sicilia’
2348 573 2575 640 naupa-

507 655 712 741 πίοις,
745 655 858 724 vel
889 653 1246 724 hostibus
1228 701 1247 744 1
1295 654 1527 746 prima:
1575 650 2245 749 Carthaginiensium
2283 652 2573 720 historia

509 759 1008 848 descenderint.
1063 756 1235 826 Inde
1284 751 1541 825 factum
1600 773 1683 824 ut
1733 758 1821 824 de
1876 779 2015 824 suae
2056 755 2247 824 urbis
2298 755 2571 850 origine

509 879 650 929 tam
705 863 900 930 variae
952 859 1208 929 fuerint
1261 859 1938 956 Carthaginiensium
1998 859 2305 951 ipsorum
2364 856 2569 926 tradi-

510 965 755 1035 tiones.
815 963 1038 1046 Quod
1089 985 1254 1032 sane
1301 961 1449 1033 fieri
1493 985 1639 1030 non
1688 961 1952 1054 potuit,
2000 963 2057 1030 si
2087 961 2267 1030 ullos
2300 959 2569 1043 habuis-

507 1085 666 1135 sent
725 1066 1110 1160 originibus
1163 1067 1302 1134 suis
1357 1065 1794 1158 propinquos
1850 1064 2259 1150 historicos;
2324 1064 2380 1132 si
2430 1061 2571 1130 ulla

505 1169 743 1236 saltem
781 1191 1006 1237 coaeva
1031 1217 1049 1250 ‚
1101 1191 1231 1236 nec
1268 1169 1489 1236 dubiae
1525 1165 1725 1251 fidei,
1768 1170 2061 1236 archiva.
2094 1163 2374 1259 Scripsit
2414 1164 2567 1256 qui-

465 1273 664 1338 ‘dem
713 1271 790 1338 de
831 1275 936 1343 Re
981 1273 1254 1340 rustica·
1327 1269 2185 1366 Mago=Carthaginiensis
2213 1320 2234 1352 ,
2306 1286 2372 1336 et
2428 1268 2565 1335 lin-

505 1397 642 1468 gua
677 1373 945 1466 scripsit
988 1375 1189 1442 etiam
1238 1373 1492 1443 Punica
1538 1401 1555 1442 z
1602 1375 1673 1442 in
1718 1372 1913 1472 vulgi
1948 1375 2287 1468 gratiam,
2346 1388 2423 1442 ut
2458 1371 2567 1438 vi-

473 1479 696 1570 detur
723 1527 742 1560 ,
811 1477 1291 1572 agriculturam
1340 1477 1741 1550 exercentis.
1786 1473 1921 1544 Sed
1974 1499 2127 1565 quae
2178 1474 2416 1543 exteris
2454 1473 2567 1544 in·-

503 1597 856 1648 notescere
899 1577 1269 1662 volebant,
1319 1602 1398 1646 ea
1446 1601 1591 1646 non
1638 1577 1765 1645 alia
1796 1577 2035 1672 lingua
2078 1601 2285 1668 quam
2326 1568 2563 1644 Graeca

501 1683 750 1773 scripta
797 1703 1108 1770 unquam
1146 1679 1360 1748 fuisse
1401 1681 1719 1775 legimus.
1768 1679 2007 1772 Itaque
2042 1698 2202 1773 post
2246 1681 2463 1749 sedes
2486 1679 2559 1746 in

498 1780 724 1852 Sicilia
767 1805 1046 1850 necesse
1100 1801 1204 1850 est
1249 1781 1458 1850 fuisse
1497 1805 1603 1850 res
1646 1781 1793 1850 illas
1834 1781 2511 1878 Carthaginiensium
2541 1831 2561 1862 ,

499 1908 652 1975 quae
709 1885 781 1953 in
835 1883 1126 1954 historiis
1192 1902 1558 1952 censentur
1612 1883 2126 1966 florentissimae.
2180 1883 2323 1956 Sub
2378 1884 2561 1974 Cyro

384 2031 390 2038 -
497 2004 726 2054 autem
777 2003 844 2055 et
885 1986 1099 2055 Dario
1145 1984 1451 2057 infelices
1492 1983 1700 2055 fuisse
1747 1989 1984 2057 docuit
2027 1988 2309 2084 Trogus
2354 1987 2558 2056 Pom-

460 2129 470 2141 .
498 2089 740 2180 peius,
788 2107 855 2158 et
887 2113 971 2158 ex
1003 2113 1086 2158 eo
1124 2088 1439 2158 Justinus
1473 2109 1541 2158 et
1579 2090 1903 2162 Orosius.
1950 2089 2092 2159 Sub
2136 2091 2368 2160 Xerxe
2405 2089 2561 2160 Sici-

493 2190 655 2258 liam
683 2192 1025 2287 aggressi,
1045 2190 1382 2280 aGelone
1407 2194 1501 2262 ita
1521 2195 1681 2263 victi
1706 2212 1899 2273 sunt,
1928 2211 2007 2261 ut
2032 2197 2123 2262 de
2152 2218 2277 2262 sua
2302 2211 2559 2264 metue-

497 2312 652 2363 rent
681 2293 1124 2390 Carthagine.
1161 2293 1367 2364 Sedes
1400 2295 1532 2366 illis
1556 2297 1631 2365 in
1663 2293 1887 2365 Sicilia
1918 2296 2134 2366 nullas
2160 2315 2327 2367 tunc
2350 2295 2559 2369 fuisse

494 2395 692 2466 facile
728 2398 1070 2492 colligitur
1102 2423 1139 2465 e
1179 2398 1517 2468 Diodoro,
1556 2397 1944 2468 Exercitum
1979 2417 2202 2468 narrat
2224 2423 2309 2468 ex
2334 2399 2557 2469 Asi-ica

496 2500 778 2568 missum
814 2549 832 2579 ‚
893 2518 958 2568 et
1007 2524 1096 2568 ne
1128 2501 1404 2591 quidem
1450 2527 1487 2570 e
1518 2499 1741 2571 Sicilia
1771 2502 1883 2571 vel
1914 2525 2001 2570 ex
2034 2508 2225 2594 parte
2252 2504 2555 2573 conscri-

492 2619 692 2694 ptum
713 2619 738 2682 ‚'
773 2605 894 2670 sed
931 2627 1016 2671 ex
1051 2603 1194 2672 aliis
1223 2603 1898 2700 Carthaginiensium
1948 2605 2348 2675 ditionibus.
2383 2607 2553 2674 Ter-

493 2705 721 2774 minos
752 2705 880 2775 illis
901 2756 920 2787 ‚
959 2707 1032 2773 in
1067 2706 1252 2798 pacis
1289 2708 1838 2788 conditionibus,
1870 2708 2137 2790 nullm,
2171 2726 2248 2777 ut
2274 2727 2509 2802 postea
2530 2758 2549 2789 ‚

493 2807 568 2874 in
617 2803 838 2875 Sicilia
879 2806 1138 2900 positos
1187 2813 1372 2901 apud
1429 2809 1622 2877 illum
1675 2811 1993 2906 legimus,
2051 2809 2255 2880 Nova
2318 2835 2551 2880 rursus

495 2907 1168 3006 Carthaginiensium
1219 2911 1509 3002 irruptio
1554 2913 1625 2978 in
1668 2909 1958 2989 Siciliam
2008 2931 2195 2996 erat,
2245 2933 2407 3005 post
2452 2915 2553 2984 hi-

493 3013 764 3085 storiam
826 3013 1193 3092 Antiochi,
1237 3013 1491 3106 olymp.
1536 3031 1749 3096 XCII,
1798 3015 1893 3097 4,
1949 3019 2127 3084 duce
2180 3016 2545 3088 Annibale.

493 3115 738 3182 Medio
779 3139 949 3210 ergo
981 3133 1292 3206 tempore
1323 3117 1503 3190 inter
1533 3118 1706 3194 hanc
1742 3143 1992 3187 novam
2030 3117 2550 3216 Carthaginien·

493 3218 668 3284 sium
729 3218 1236 3309 expeditionem
1311 3236 1517 3310 atque
1588 3219 1837 3312 olymp.
1890 3239 2136 3292 cxxlx
2162 3275 2180 3305 ‚
2254 3245 2395 3314 qua
2440 3226 2553 3291 ιω

493 3322 694 3410 coepit
735 3343 893 3386 cum
933 3319 1264 3390 Romanis
1300 3320 1558 3389 bellum
1586 3374 1605 3405 ,
1680 3323 1941 3392 Hanno
1992 3324 2105 3393 ille
2144 3315 2553 3417 quaerendus

490 3439 621 3501 est,
679 3443 892 3514 quem
923 3420 1154 3492 ferunt
1194 3423 1395 3513 hujus
1428 3425 1677 3519 peripli
1707 3427 1918 3496 fuisse
1948 3431 2215 3497 ducem.

569 3613 725 3686 ¹543.
747 3551 902 3670 Vari.
929 3613 1086 3669 che
1107 3632 1220 3670 rust.
1263 3613 1400 3688 (lib.
1432 3629 1479 3680 1,
1514 3635 1627 3692 cap.
1668 3637 1714 3682 ι,
1753 3628 1800 3680 S.
1827 3617 1963 3684 ιοὶς
2004 3617 2292 3674 Columell.
2332 3617 2463 3702 (lib.
2490 3631 2541 3684 1,

486 3706 601 3836 ΞΕ.
626 3698 794 3837 31..AE
821 3709 938 3835 213,
925 3707 1086 3764 ,pag.
1118 3697 1252 3766 394,
1287 3688 1364 3743 ed.
1387 3688 1689 3763 Gesner.);
1733 3691 1867 3748 Plin.
1898 3691 2069 3764 (Hist.
2100 3692 2227 3749 Nat.
2262 3691 2355 3750 lib.
2373 3695 2546 3759 x'vm,
