2809 4642
1039 336 1129 389 m
1155 317 1627 391 'sancnm
2229 317 2373 414 493

295 434 640 501 termis-,isset
657 438 976 523 saraptam
989 434 1202 497 urbem
1218 479 1236 509 ‚
1251 452 1320 497 ut
1338 451 1549 517 postea
1566 433 1799 497 diceret
1814 432 1981 495 illam
1998 438 2195 514 jacere
2218 440 2377 499 intra

303 522 452 585 duas
497 522 640 584 alias
687 520 860 583 urbes
909 522 1271 603 praeteritas!
1305 520 1443 581 lmo
1490 517 1643 602 quid
1691 515 1807 581 sibi
1842 518 1972 581 vult
2013 518 2141 582 haec
2182 518 2380 583 forma

303 605 610 685 scribendi
639 629 654 666 ε
689 627 728 667 α
760 607 1016 671 civitate.
1044 650 1059 665 .
1085 654 1100 667 .
1141 600 1320 690 usq'ue
1351 605 1675 667 civitatem.
1702 648 1716 663 .
1742 648 1759 663 .
1798 618 1886 667 est·
1910 602 2089 666 Sarra
2110 606 2141 667 ,5
2180 626 2378 689 neque

305 713 421 774 ego
465 692 692 754 alienus
733 695 880 753 erim
917 710 953 751 a
1001 688 1394 770 conjiciendo
1440 688 1929 751 additamentum
1986 676 2190 759 recens
2249 689 2381 753 haec

306 798 433 838 esse
459 800 476 837 ε
507 779 754 837 minime
783 778 950 838 enim
983 792 1188 837 noster
1219 774 1477 837 duarum
1515 772 1760 834 urbium
1798 771 2185 837 intervallum
2224 796 2381 835 nun-

310 863 548 935 tiasset,
606 860 754 923 dum
800 858 950 922 iilud
1013 857 1178 921 idem
1223 858 1301 921 de
1340 861 1629 941 proximis
1678 857 1811 919 aliis
1862 880 1984 919 non
2030 874 2254 939 ageret.
2296 858 2381 921 Et

305 943 551 1007 tandem
591 962 932 1029 suspectum
981 960 1106 1017 est,
1139 943 1307 1028 quod
1336 940 1753 1025 proficiscatur
1780 941 1897 1005 hoc
1924 942 2312 1005 intervallum
2346 962 2385 1005 a

305 1028 578 1091 Leonum
623 1034 870 1092 civitate
905 1050 1029 1089 non
1055 1048 1242 1111 supra
1276 1026 1543 1091 laudata.

353 1168 358 1173 ,
391 1113 534 1194 627.
580 1113 788 1196 Vulgo
825 1112 995 1187 Σοίρφ
1029 1110 1174 1193 εἶτα]
1201 1110 1396 1193 Atqui
1428 1110 1577 1171 Sara
1608 1114 1737 1172 sive
1774 1107 1989 1185 Sarra,
2018 1108 2235 1173 eadem
2268 1124 2385 1186 est,

302 1218 438 1281 quae
481 1198 848 1280 Paiaetyrus:
883 1194 1250 1275 Palaetyrum
1290 1215 1435 1256 vero
1470 1198 1671 1257 statim
1714 1212 1849 1275 post
1886 1213 2176 1257 recenset.
2231 1193 2387 1257 Prae-

304 1300 471 1343 terea
507 1298 743 1345 constat
781 1278 1032 1341 Graecos
1068 1279 1185 1340 hoc
1222 1300 1352 1341 aevo
1381 1281 1684 1361 ignorasse
1724 1276 1985 1339 Sarram.
2033 1276 2183 1341 Sero
2218 1284 2385 1340 enim

303 1371 356 1427 a'
381 1366 682 1429 Romanis
719 1363 785 1427 id
826 1385 1048 1427 nomen
1093 1378 1477 1445 acceperunt.
1522 1360 1763 1427 Sarram
1786 1384 1931 1425 vero
1960 1383 2084 1424 esse
2121 1360 2386 1446 Pataety-

301 1472 470 1526 rum,
530 1473 654 1512 non
710 1465 797 1510 est
863 1446 1031 1531 quod
1097 1451 1419 1531 quisquam
1474 1446 1762 1528 ambigat.
1818 1446 2067 1508 Mentio
2122 1453 2249 1526 ejus
2294 1465 2386 1509 est

281 1538 511 1599 ‘Josuae
559 1553 688 1616 cap.
745 1552 836 1616 19.
879 1532 987 1595 De
1037 1551 1109 1593 ea
1153 1535 1319 1593 enim
1364 1530 1867 1615 intelligendum,
1912 1552 2037 1592 non
2087 1530 2164 1594 de
2208 1532 2385 1612 Tyro
2458 1548 2485 1567 ’-

302 1619 540 1693 insula,
581 1640 762 1701 quam
810 1617 1012 1679 multis
1045 1614 1293 1678 demum
1330 1616 1547 1677 seculis
1582 1631 1716 1698 post
1749 1611 2065 1678 conditam
2102 1636 2259 1689 esse,
2300 1632 2388 1677 te-

299 1722 540 1769 stantur
573 1701 901 1784 Josephus,
929 1700 1266 1776 Eusebius,
1303 1699 1550 1783 aliique.
1593 1699 1920 1781 Palaetyrus
1959 1720 2103 1781 ergo
2136 1697 2387 1762 Graeco-

301 1800 479 1863 riim,
521 1806 608 1849 est
653 1786 1014 1849 Latinorum
1056 1784 1264 1857 Sarra;
1301 1784 1468 1846 unde
1510 1784 2086 1866 Carthaginensium
2127 1787 2393 1866 origines

299 1896 429 1935 esse
459 1888 714 1934 constat.
758 1870 998 1953 Tyrum
1040 1874 1204 1933 enirn
1235 1870 1496 1931 insulam
1526 1873 1609 1929 ita
1642 1890 1823 1931 nemo
1858 1867 2034 1931 dixit.
2084 1868 2392 1945 Quamvis

303 1957 554 2020 Hebraei
577 1961 860 2041 ignorent
889 1954 1212 2021 discrimen
1244 1979 1259 2015 τ
1289 1971 1609 2036 utramque
1642 1958 1806 2018 enim
1822 2000 1841 2029 ,
1876 1970 1936 2015 et
1966 1955 2206 2033 Tyrum
2235 1971 2395 2017 vete·

300 2064 426 2103 rem
447 2086 466 2117 ,
491 2060 550 2105 et
576 2042 816 2124 Tyrum
847 2039 1106 2101 insulam
1128 2050 1202 2101 ³3
1235 2032 1541 2121 ap'pellant
1581 2034 1895 2099 communi
1926 2037 2255 2101 vocabu10.
2292 2038 2393 2101 Ex

295 2150 427 2211 quo
453 2174 470 2202 ,
512 2130 656 2209 quia
697 2124 897 2187 Graeci
942 2123 1312 2205 Latinique,
1357 2135 1395 2184 3
1434 2126 1561 2185 sive
1607 2147 1685 2191 τς
1723 2144 1845 2183 non
1889 2121 2151 2197 habent,
2189 2140 2319 2184 tum
2356 2150 2392 2184 ο·
2442 2199 2448 2205 -

295 2212 544 2292 abjecto
571 2208 762 2273 fecere
786 2205 990 2289 Tv‘poc;·
1013 2226 1142 2271 tum
1163 2233 1200 2267 τ
1227 2212 1485 2287 reject0,
1516 2208 1712 2269 Sarra.
1742 2206 1939 2271 Nullo
1965 2211 2173 2290 itaque
2200 2206 2390 2269 modo

297 2294 470 2377 apud
514 2294 833 2375 Scylacem
880 2288 1200 2353 toleranda
1250 2291 1443 2353 Sarrae
1496 2290 1845 2373 adpellatiO.
1912 2289 2127 2353 Scribe
2172 2290 2391 2361 Τυρίων

296 2379 474 2445 πόλις
504 2370 807 2451 Σαίςςιτθα,
835 2366 966 2443 οἴλλη
1006 2370 1170 2443 πόλις
1201 2375 1397 2453 Τύρρς
1424 2374 1545 2439 διε.
1574 2375 1845 2459 ‘quae-est
1871 2380 2073 2457 magni
2110 2373 2393 2439 Salmasii

299 2460 683 2526 emendatiO.
715 2460 1027 2541 Saraptam
1056 2482 1241 2523 nemo
1268 2466 1527 2541 ignorat.
1566 2460 1827 2524 Vossius,

391 2546 624 2628 Legere
671 2539 938 2621 Σείςςωθα
987 2541 1220 2605 Plinius
1257 2546 1362 2624 (a)
1407 2546 1663 2605 omnino
1708 2543 1898 2623 jubet.
1944 2541 2081 2623 Imo
2122 2547 2185 2605 in
2236 2550 2395 2628 opti-

299 2636 420 2695 mis
457 2646 518 2693 et
554 2632 978 2693 recentissimis
1011 2626 1234 2689 tabulis
1277 2626 1598 2711 geograph.
1636 2629 1733 2709 (b)
1776 2632 2064 2710 reperitur
2100 2628 2399 2693 hodierna

299 2715 636 2801 Sar-ephath
687 2712 788 2779 vel
823 2714 1069 2795 Sarepta
1113 2715 1176 2771 in
1221 2712 1425 2773 medio
1466 2713 1787 2775 intel-vasso
1828 2710 2119 2779 Sidonem
2151 2718 2307 2775 inter
2340 2733 2399 2777 et

302 2802 573 2884 Tyrum.
1087 2807 1104 2822 “
1250 2819 1261 2831 “
1780 2828 1789 2837 ·

288 2900 294 2907 ‘
397 2884 538 2947 628.
577 2881 749 2953 'Er-784·
777 2881 1014 2970 τρίχες]
1055 2883 1265 2947 Ambo
1304 2900 1721 2967 portusterant
1751 2881 2086 2965 Tyriorum
2132 2888 2364 2947 civitati
2379 2911 2399 2961 ;

303 2968 584 3033 Exterior
621 2992 779 3031 unus
825 2990 896 3031 ac
943 2968 1259 3032 meridiem
1307 2986 1367 3033 et
1410 2966 1801 3030 occidentem
1848 2989 2051 3029 versus
2089 2987 2421 3051 spectans‚·
2496 2997 2527 3052 ς

299 3057 498 3137 q'fiem
549 3052 838 3115 Arrianus
880 3056 976 3137 (c)
1028 3052 1296 3137 adpelle}
1350 3048 1427 3115 ‘niv
1486 3047 1686 3132 mkae'm
1734 3048 1812 3113 τᾶν
1870 3048 2041 3129 σρρς
2098 3052 2394 3136 Ai'ssn‘ior:

300 3140 551 3205 interior
575 3137 722 3199 alter
747 3140 882 3218 (d),
919 3141 1393 3221 septentrionem
1420 3157 1651 3210 versus,
1676 3156 1859 3220 quem
1882 3136 2176 3199 Arrianus
2199 3137 2415 3212 idem‚·

299 3224 466 3286 dicit
489 3217 567 3285 πὶ
588 3220 650 3290 ἐς
669 3220 885 3285 {affirm
913 3222 1284 3305 ππαμμένον
1301 3224 1392 3303 (e)
1413 3266 1432 3297 ,
1466 3238 1527 3283 et
1551 3215 1690 3282 σὺ...
1720 3220 1925 3303 ,λιμένα
1955 3217 2033 3282 τὶν
2070 3222 2139 3283 ἐκ,
2172 3216 2402 3288 ΣιἉΣῖνος

297 3303 524 3390 φέροντα
549 3309 685 3388 (f).
736 3307 980 3389 Nempe
1007 3307 1228 3380 'Sidon
1272 3307 1416 3367 urbs
1452 3303 1531 3367 ad
1567 3302 2040 3388 septentrionem
2078 3304 2233 3385 Tyri
2282 3308 2397 3366 sita

298 3410 456 3458 erat.
499 3388 688 3455 Conf.
721 3390 990 3469 tabuiam
1020 3390 1519 3474 geographicam,
1555 3410 1741 3472 quam
1776 3388 2022 3451 doctiss.
2062 3385 2286 3450 Βανόἰέ
2310 3392 2395 3449 du

297 3480 543 3562 Bocage
565 3472 862 3539 adnexuit
885 3478 949 3537 in
971 3476 1242 3541 Examen
1263 3476 1507 3561 critique
1523 3475 1623 3539 des
1642 3474 1725 3535 H
1728 3476 1988 3537 istoriens
2000 3472 2127 3534 d’A
2138 3470 2244 3535 lex.
2270 3473 2396 3559 (g).

354 3692 430 3747 (α)
458 3689 560 3733 Lib>
575 3699 626 3738 v,
653 3699 748 3740 cap.
769 3701 845 3737 ιο,
868 3688 944 3731 fin.
1216 3651 1221 3660 ο
1450 3686 1519 3743 (ἢ
1547 3689 1615 3729 De
1632 3701 1717 3743 quo
1745 3686 1802 3731 ef.
1833 3686 1924 3727 Ind.
1950 3696 2078 3741 geogr.
2106 3699 2195 3727 voc.
2218 3688 2315 3735 Tyr.
2344 3688 2409 3733 ιδ’

351 3748 428 3807 (h)
455 3747 586 3791 Conf.
605 3759 660 3786 an
693 3744 893 3801 improved
908 3744 1022 3799 Map
1039 3740 1096 3800 of
1119 3744 1321 3787 Palestine
1393 3745 1493 3786 ale.
1522 3744 1597 3786 Vir.
1620 3742 1830 3788 Saladim‘,
1852 3742 1919 3783 ed.
1934 3742 2171 3795 Schultens.

297 3805 352 3857 by
373 3804 481 3847 John
510 3802 682 3845 Walker.
1450 3802 1513 3855 (e)
1540 3801 1643 3845 Loc.
1664 3803 1735 3841 eit.
1753 3808 1847 3851 pag.
1867 3812 1939 3851 47,
1961 3796 2023 3843 D.

358 3862 428 3917 (e)
453 3862 524 3903 De
537 3857 721 3919 Expedit.
738 3857 856 3913 Alex.
872 3856 948 3903 tib.
965 3869 999 3901 n
1009 3887 1026 3913 ,
1051 3871 1150 3916 pag.
1163 3871 1246 3917 49,
1264 3858 1320 3906 B,
1441 3855 1517 3911 (s)
1536 3857 1639 3900 Loe.
1659 3858 1729 3897 eit.
1745 3868 1835 3908 pag.
1852 3866 1910 3911 49
1923 3882 1937 3905 ,
1956 3852 2005 3897 B.

289 3920 509 3977 stephan.
1452 3913 1519 3967 ω
1545 3912 1614 3957 Ad
1632 3923 1724 3967 pag.
1743 3910 1827 3969 269
1843 3938 1857 3961 ,
1874 3919 1939 3955 ι·
1954 3912 2057 3957 edit.

1952 4136 1993 4147 ᾗ
