2809 4642
300 334 323 377 ι
344 307 443 393 24
1022 327 1664 385 ADNOTATIONES

290 425 419 492 Sed
430 424 602 511 quod
625 448 661 489 a
678 424 911 491 Graecis
935 432 1155 511 passim
1178 427 1309 491 fieri
1323 433 1448 509 jam
1470 428 1622 491 alibi
1645 431 1994 493 notavimus
2010 474 2031 505 ,
2054 424 2391 490 Hannonis

287 534 515 596 graecus
554 516 845 595 interpres
874 512 1193 577 barbaram
1213 536 1436 577 vocem
1463 518 1548 577 ita
1570 512 1870 590 mollivit,
1903 528 1988 576 n'e
2015 509 2262 576 laederet
2284 531 2391 571 au-

287 619 382 669 res
405 602 639 662 atticas.
668 598 915 681 Nempe
941 603 1157 663 'verum
1176 599 1345 662 urbis
1369 621 1598 663 nomen
1615 617 1742 664 erat
1757 608 2037 663 wamma
2059 594 2393 679 Dumathi-

288 684 383 745 ria
396 730 419 760 ,
444 686 617 769 quasi
640 680 885 749 aad&
907 681 1131 756 dixeris
1145 732 1165 762 ,
1197 684 1263 747 id
1292 702 1413 760 est,
1438 696 1834 770 campestrem
1860 685 2094 747 urb‘em.
2116 680 2396 745 Arabice

187 806 197 819 ι
291 767 507 830 saltem
539 770 605 829 in
630 766 893 851 Giggeio
927 787 1164 845 ‘i’nxnff
1196 770 1505 835 dumathir
1522 789 1587 834 et
1617 791 1789 853 nnn-1
1815 769 2095 832 dumthor
2121 784 2212 831 est
2239 785 2392 829 terra

284 851 481 938 plana
501 883 531 927 ,·
568 852 737 915 unde
776 857 1036 936 petitum
1073 856 1237 933 urbis
1272 877 1501 918 nomen
1536 855 1768 919 docent
1805 859 1936 939 ipsa
1979 852 2168 916 verba
2209 852 2390 913 Han-

292 940 477 1000 nonis
512 932 851 1019 εἘκ-ιῖσαμεν
879 932 1113 1019 affirm
1150 936 1336 1016 πόλιν,
1382 932 1551 1008 »imm
1599 936 1956 1019 ὦνομάσαμεν
2001 930 2397 1019 eupuavvr'peor,

296 1018 508 1107 vidior!
534 1014 611 1082 θ’
650 1020 789 1101 αὐτῇ
812 1022 971 1106 μένε
1009 1022 1209 1102 ’ὑπ-ἵν,
1233 1028 1502 1111 primam
1523 1025 1719 1089 urbem
1750 1026 2165 1100 condidimus,
2211 1044 2398 1107 quam

296 1109 635 1171 vocavimus
667 1107 1137 1191 Thymiateriu'm
1156 1139 1187 1185 ,0
1231 1108 1324 1173 illi
1344 1114 1562 1197 quippe
1579 1111 1818 1174 suberat
1845 1132 1946 1173 ma
1985 1132 2095 1172 nus
2131 1130 2392 1191 campus.

301 1188 382 1254 Δὲ
420 1214 531 1277 pro
568 1188 681 1273 >asp
725 1192 845 1255 hoc
876 1193 1019 1257 loco
1060 1198 1385 1269 sumimus,
1425 1214 1507 1257 ,ut
1537 1200 1758 1279 passim
1791 1216 1909 1281 apu
2003 1194 2396 1262 Homerum;

300 1279 449 1360 quia
488 1276 655 1339 nulla
686 1297 933 1361 apparet
967 1300 1146 1343 causa
1194 1302 1303 1343 cur
1340 1281 1575 1361 Hanno
1611 1278 1921 1345 addiderit
1967 1277 2406 1359 Thymiaterio·

304 1383 599 1445 magnum
628 1361 872 1427 subesse
907 1384 1187 1449 campum
1203 1413 1222 1441 ,
1250 1369 1363 1428 nisi
1388 1385 1458 1428 ut
1477 1370 1766 1429 sciremus
1789 1386 2080 1449 quorsum
2101 1358 2396 1444 oppidum

306 1449 395 1511 ita
424 1450 853 1513 nominaverit.
884 1446 1173 1513 Bochart.
2093 1462 2102 1469 '

395 1531 585 1595 Hanc
637 1536 951 1603 civitatem
1000 1533 1530 1617 Thymiateriontin
1563 1538 1986 1619 promontorio·
2024 1555 2192 1597 nunc
2223 1530 2398 1596 dicto
2433 1580 2440 1587 .

308 1615 631 1681 Mollabat
657 1615 924 1681 collocat
944 1622 1040 1681 vir
1062 1618 1312 1682 doctiss.
1348 1620 1722 1685 Gossellinus
1746 1622 1876 1703 (a),
1903 1624 2004 1684 cui
2035 1640 2259 1702 pronus
2289 1614 2400 1677 ad-

308 1707 559 1765 sentior.
589 1701 733 1763 Jam
760 1724 1081 1786 quousque
1122 1704 1458 1769 Hannonis
1497 1710 1612 1769 iter
1641 1722 1846 1769 totum
1874 1704 2282 1791 producatur,
2335 1698 2404 1761 id

308 1786 541 1870 pendet
570 1807 643 1849 ex
677 1790 809 1871 ipso
839 1786 981 1850 Ioco
1006 1786 1112 1850 ubi
1138 1786 1300 1853 hanc
1328 1795 1589 1873 primam
1614 1790 1827 1854 urbem
1852 1793 2142 1875 posueris.
2167 1786 2236 1850 Si
2261 1808 2406 1847 curn

310 1869 665 1955 permultis,
703 1876 861 1936 inter
900 1894 1056 1956 quos
1090 1874 1572 1959 Bougainvillius
1615 1876 1716 1957 (b)
1733 1924 1758 1953 ,
1793 1876 2009 1939 urhem
2039 1873 2420 1955 Thymiate-

312 1960 451 2019 rion
487 1959 550 2017 in
576 1956 755 2022 litore
782 1956 998 2041 Libyae
1018 1958 1393 2023 occidentali
1418 1959 1816 2025 collocaveris
1834 2006 1851 2037 ,
1869 1956 2411 2041 Carthaginienses⁴

312 2062 423 2189 per
476 2042 668 2106 nimia
716 2046 910 2125 spatia
957 2042 1160 2106 subito
1204 2062 1580 2111 transvectos
1622 2050 1782 2108 intra
1829 2044 2091 2108 biduum
2133 2040 2408 2104 habebis.

356 2149 458 2188 mo
472 2129 831 2189 narrationis
858 2127 1047 2191 verba
1069 2132 1245 2193 istam
1272 2151 1564 2216 respuunt
1597 2134 2194 2215 interpretationem,
2216 2148 2406 2210 quum

316 2216 545 2275 iterum
572 2214 919 2277 occidentem
941 2236 1134 2277 versus
1159 2216 1510 2299 navigando
1531 2215 1738 2279 classis
1765 2212 1918 2278 infra
1949 2214 2149 2277 abeat.
2173 2208 2412 2275 Confer

324 2295 649 2379 Scylacem
682 2298 799 2359 hoc
847 2296 989 2361 litus
1021 2300 1472 2365 describentem
1520 2303 1618 2385 (c)
1649 2322 1666 2377 3
1705 2298 1870 2385 apud
1956 2320 2096 2361 uem
2123 2343 2142 2373 ,
2185 2296 2411 2359 relictis

320 2381 655 2444 Columnis
673 2428 691 2457 ,
707 2385 870 2443 sinus
890 2405 1141 2468 magnus
1160 2388 1330 2451 Cotes
1344 2385 1684 2471 adpellatus
1699 2430 1719 2460 ,
1743 2385 1884 2447 urbs
1908 2322 2220 2457 ffioneium,
2235 2381 2321 2443 H
2319 2402 2409 2442 er·-

318 2489 540 2529 meeum
575 2472 1065 2551 promontorium
1098 2518 1117 2547 ,
1146 2470 1398 2535 Anidus
1432 2472 1658 2535 fluvius
1697 2470 1721 2551 (
1759 2468 1860 2534 vel
1893 2467 2131 2531 Adonis
2167 2488 2243 2529 ex
2283 2462 2412 2527 Sal-

322 2556 518 2614 masio
562 2554 621 2633 ),
665 2552 981 2639 Lixusque
1018 2556 1159 2619 urbs
1198 2574 1261 2621 et
1306 2560 1504 2620 amnis
1525 2562 1558 2631 ',
1601 2573 1664 2619 et
1700 2552 1972 2617 tandem·
2010 2552 2416 2637 Thymiateria

323 2634 544 2700 eadem
578 2641 991 2721 reperiuntur,
1024 2660 1356 2746 antequam
1390 2640 1472 2705 ad
1500 2642 1774 2704 Sol'ob‘nta
1793 2640 2284 2725 promontorium
2309 2633 2418 2696 de·
2455 2638 2464 2643 ⁴

324 2724 533 2784 venias
560 2768 581 2798 ,
633 2722 805 2806 quod
848 2724 1027 2814 ἀνέχει
1055 2749 1275 2805 wem
1320 2726 1398 2796 εἰς
1436 2723 1516 2789 ἣν
1556 2723 1765 2803 πόντων,
1819 2723 1888 2787 id
1937 2740 2025 2787 est
2057 2770 2076 2799 ‚
2145 2722 2412 2799 ittmare

326 2809 585 2869 maxime
616 2813 955 2894 proeminet.
996 2812 1095 2877 Ex
1134 2812 1225 2876 his
1270 2834 1402 2875 non
1430 2832 1748 2899 possumus
1785 2832 1910 2873 non
1937 2810 2094 2871 litus
2127 2806 2418 2870 meridio-

328 2892 469 2954 nale
498 2890 856 2975 dignoscere
889 2897 1069 2981 hujus
1103 2895 1243 2960 freti
1274 2904 1442 2959 nunc
1467 2896 1720 2961 dictide
1749 2894 2100 2971 Cibi-altar,
2139 2889 2313 2975 quod
2345 2912 2417 2953 ex
2507 2910 2514 2915 ·

330 2977 482 3040 urbe
522 2978 751 3057 Cema,
790 3004 980 3067 usque
1020 2980 1107 3051 ad
1123 2985 1616 3066 promontorium
1658 2981 1848 3045 hodie
1878 2976 2114 3067 Spartel
2145 2977 2418 3050 dictum,

328 3059 701 3126 extenditur.
730 3066 827 3135 Eo
860 3069 1079 3132 clarius
1104 3066 1350 3132 elucent
1386 3066 1660 3152 Scylacis
1687 3066 1908 3143 verba,
1937 3062 2108 3150 quod
2129 3082 2422 3149 promon-

331 3150 559 3209 torium
594 3148 852 3215 alterum
892 3152 997 3217 ille
1046 3150 1194 3214 alibi
1236 3150 1618 3229 laudaverit,
1662 3154 1726 3215 in
1765 3152 2016 3235 Europa
2053 3172 2129 3215 ex
2165 3146 2420 3210 adverso

334 3229 622 3295 Solok‘ntis
656 3259 938 3321 surgens,
980 3230 1172 3312 ἑπέςιν
1199 3225 1373 3327 ἄκρων
1411 3236 1503 3308 viic
1528 3232 1790 3321 Εὸρώππς
1823 3237 1882 3297 ’τὲ
1905 3232 2230 3323 καταντικρύ
2257 3234 2383 3313 (d).

420 3315 717 3383 Ceterum
774 3322 1183 3405 discrepantes
1231 3326 1389 3387 inter
1433 3343 1498 3386 se
1537 3322 1616 3387 de
1668 3320 2000 3387 intervallis
2044 3321 2422 3383 Hannonem

334 3399 775 3490 Scylacemque
810 3407 915 3472 hic
953 3406 1158 3472 video.
1188 3408 1365 3472 Prior
1391 3412 1556 3471 enim
1591 3406 1836 3470 duobus
1869 3422 2111 3469 tantum
2137 3402 2353 3467 diebus
2387 3420 2428 3460 a

336 3484 669 3552 Columnis
695 3490 776 3554 ad
813 3491 1021 3555 locum
1049 3498 1327 3578 pervenit
1362 3493 1472 3555 ubi
1503 3492 1978 3575 Thymiaterion
2019 3488 2306 3554 conditur
2326 3532 2342 3561 ,
2366 3500 2424 3546 et

338 3570 485 3637 inde
508 3572 588 3637 ad
617 3582 1109 3660 promontorium
1134 3577 1534 3655 Solo'entem,
1563 3576 1628 3640 id
1655 3596 1744 3640 est
1764 3574 2032 3661 Spar-tel,
2077 3574 2247 3636 nullo
2277 3590 2429 3633 tem-

336 3677 485 3739 pore
519 3659 669 3726 dato
697 3662 949 3727 devenit
976 3663 1186 3751 3quod
1220 3685 1440 3749 nempe
1472 3667 2034 3749 exiguumprorsus
2061 3664 2175 3725 iter
2207 3658 2430 3721 innuit-

395 3855 465 3911 ’(α)
493 3857 592 3901 Loe.
620 3859 689 3899 eit.
713 3870 802 3911 pag.
828 3870 899 3910 72·
1486 3852 1548 3906 (c)
1579 3852 1674 3905 Pag·
1703 3864 1756 3906 5²
1775 3877 1787 3899 ,
1827 3863 1903 3905 53,
1929 3847 2065 3890 Huds.

399 3914 462 3969 (b)
491 3916 629 3959 Me'm.
646 3917 695 3959 de
707 3912 809 3957 I’Ac.
827 3924 857 3957 t.
874 3914 1025 3965 xxvi,
1047 3926 1140 3971 pag.
1160 3924 1227 3967 14,
1250 3924 1315 3968 ις.
1485 3909 1554 3964 (d)
1583 3909 1681 3950 1¹0⁶·
1699 3910 1772 3951 ⁶5⁸·
1793 3918 1886 3963 1²⁸3·
1905 3918 1972 3962 5²·
2061 3910 2072 3921 '
