2809 4642
462 316 487 361 ι
506 317 601 381 70
992 305 1426 361 nonwELu
1479 307 2007 361 mssssnu‘rro

446 562 492 617 ς.
512 550 611 607 IV.
634 549 822 607 Alium
834 588 848 612 ,
869 558 1061 625 praeter‘
1076 544 1446 607 Herodoteum
1463 544 1754 622 Scylacem
1771 546 2212 622 Caryandensem
2228 588 2243 611 ,
2285 552 2550 605 neminem

520 640 817 703 agnoscunt
852 639 1061 681 veteres
1083 669 1099 692 ,
1132 639 1325 701 praeter
1351 623 1509 681 illum
1538 625 1637 703 qui
1677 625 1886 701 scripsit
1915 626 1975 681 in
2009 622 2320 698 Polybium.
2359 624 2408 681 Is
2435 646 2553 705 crgo

521 701 716 779 peripli
744 702 911 760 nostri
936 715 1125 757 auctor
1149 699 1424 755 habendus
1447 714 1540 757 cst.

549 912 689 985 Sed
726 938 899 985 vero
928 915 1143 985 alium
1168 914 1257 983 ab
1288 914 1700 1003 Herodote9
1725 911 2075 1005 Scylacem
2110 912 2556 1007 Caryanden-

352 1035 361 1045 '
450 1042 601 1089 sem
632 1020 989 1089 neminem
1022 1036 1413 1088 memorant
1436 1037 1746 1099 veteres,
1769 1036 2016 1111 praeter
2045 1041 2206 1085 eum
2241 1020 2368 1111 qui
2399 1022 2556 1090 scri-

449 1124 621 1216 psit,
667 1141 838 1203 teste
880 1120 1127 1205 suida,
1166 1114 1253 1191 in⁴
1282 1122 1676 1214 Polybium.
1709 1121 1862 1191 Imo
1904 1124 1962 1191 is
1991 1120 2196 1192 fuerit
2243 1120 2555 1215 oportet}

340 1322 346 1329 Ι
449 1228 507 1295 si
536 1227 787 1295 unicus
810 1223 1018 1297 fuerit
1042 1246 1202 1320 post
1228 1226 1716 1301 Herodoteum
1739 1223 1980 1317 Scylax
2003 1224 2550 1317 Caryandensi83

452 1348 521 1397 et
576 1331 635 1400 si
684 1332 841 1422 quis
891 1354 975 1399 eo
1031 1333 1368 1410 nomine,
1421 1354 1646 1421 eaque
1703 1332 1958 1424 patria,
2007 1348 2249 1401 auctor
2301 1330 2553 1419 stylum

450 1434 800 1506 strinxerit
822 1436 898 1503 in
926 1434 1319 1527 Polybium.
1349 1430 1723 1526 Scripserat
1751 1453 1934 1503 certe
1967 1430 2206 1523 Scylax
2233 1433 2345 1502 ille
2374 1430 2558 1504 Stra-

346 1556 352 1567 *
451 1538 689 1619 boniS,
730 1562 947 1631 quem
988 1532 1121 1608 nos
1162 1538 1373 1607 alium
1402 1562 1444 1606 a
1474 1539 1936 1613 vetustissimo
1973 1536 2187 1609 fuisse
2226 1536 2555 1631 probavi-

453 1666 644 1724 mus,
683 1660 824 1711 tam
867 1644 1069 1714 maris
1102 1634 1401 1720 πάπλκν
1425 1638 1454 1725 ,“
1486 1638 1706 1733 quam
1737 1642 1853 1728 734
1881 1634 2140 1721 meiodbr
2180 1634 2216 1711 τ’
2243 1640 2459 1733 plane
2483 1658 2556 1708 ut

450 1746 724 1837 scripsit
748 1744 989 1837 Scylax
1017 1748 1132 1815 ille
1157 1748 1391 1839 junior
1413 1798 1432 1831 ,
1457 1770 1672 1837 quem
1713 1772 1844 1815 nos
1877 1750 2084 1829 docet
2108 1744 2354 1821 Suidas
2400 1746 2556 1815 scri-

452 1850 672 1941 psisse
720 1851 795 1918 in
848 1849 1235 1941 Polybium.
1288 1847 1642 1943 Scylacem
1693 1851 1942 1934 alium,
1993 1851 2118 1942 qui
2167 1848 2304 1918 sub
2339 1849 2553 1920 Dario

453 1952 589 2021 alio
620 1954 969 2047 scripserit
996 1978 1206 2046 quarn
1238 1953 1659 2047 Hystaspide
1682 2004 1699 2035 ,
1733 1978 2043 2049 unquam
2075 1952 2287 2023 fuisse
2307 2004 2326 2038 ‚
2371 1952 2557 2021 nulla

452 2056 793 2129 habemus
833 2076 1147 2128 veterum
1172 2058 1424 2127 diserta
1446 2059 1861 2128 testimonia.
1904 2059 2123 2127 Hunc
2153 2075 2426 2127 tantum
2467 2080 2557 2125 ra-

455 2161 757 2231 tiociniis
787 2162 1123 2231 debemus
1158 2161 1402 2233 incerti
1437 2164 1819 2256 scriptoris,
1867 2164 1993 2254 qui
2021 2162 2422 2231 Alexandro
2451 2161 2553 2227 M.

456 2264 817 2355 aliquanto
860 2266 1325 2357 antiquiorem
1358 2264 1576 2338 fuisse
1605 2267 1902 2360 probare
1943 2285 2268 2345 conatur3
2313 2283 2384 2333 et
2417 2262 2558 2355 Scy-

456 2368 623 2437 lacis
682 2370 1091 2465 antiquioris
1141 2372 1575 2440 mentionem
1619 2372 1694 2440 in
1738 2372 1926 2439 AElio
1969 2369 2322 2462 Dionysio
2358 2390 2558 2460 repe-

458 2488 673 2557 rerat,
714 2475 837 2565 qui
874 2474 1093 2544 Dario
1126 2499 1307 2568 opus
1346 2476 1808 2567 inscripserit,
1842 2498 2054 2566 quem
2095 2474 2381 2565 quidem
2418 2472 2558 2541 Da-

459 2575 641 2644 rium
698 2576 814 2646 ille
853 2578 1343 2673 Hystaspidem
1386 2577 1602 2650 fuisse
1631 2574 1810 2647 forte
1850 2579 2162 2651 nescivit.
2193 2576 2418 2669 Atqu-i
2460 2578 2560 2643 in-

462 2680 859 2771 scriptionis
889 2684 1071 2751 iliius
1116 2701 1357 2751 notam
1387 2688 1540 2776 ipse
1586 2708 1676 2750 ne
1720 2684 2007 2775 quidem
2049 2684 2124 2751 in
2155 2705 2394 2751 coaevo
2433 2680 2558 2749 sibi

461 2780 735 2873 Scylace
776 2784 1282 2881 observaverat.
1322 2786 1412 2853 Et
1444 2805 1680 2857 tamen
1709 2789 1860 2855 sine
1887 2788 2003 2855 illa
2028 2787 2104 2853 in
2136 2785 2558 2855 contrarium

460 2887 695 2979 potius
737 2894 1150 2981 procederet
1194 2908 1690 2985 argumentum
1723 2943 1742 2975 ,
1801 2915 1982 2984 opus
2040 2881 2330 2958 ἷιόὶὲωτυν
2376 2888 2562 2957 aliud

428 3060 435 3067 ,
461 2990 677 3059 fuisse
696 2992 779 3063 ab
798 3018 913 3080 eo,
934 2996 1134 3086 quod
1156 2992 1381 3063 Dario·
1394 2994 1804 3087 inscriptum
1831 2995 2316 3063 observaverat
2338 2992 2561 3061 AElius

462 3095 578 3162 ille
608 3095 1245 3189 Dionysius..Fallit
1273 3116 1456 3167 certe
1487 3100 1626 3193 hoc
1653 3116 1854 3168 tantae
1898 3098 2324 3188 antiquitatis
2366 3119 2559 3191 argu-

425 3194 821 3284 'mentum,
866 3226 1013 3293 quo
1040 3200 1227 3271 idem
1267 3203 1677 3272 credebatur
1708 3226 1869 3272 cum
1911 3200 2186 3293 Scylace
2225 3200 2562 3291 antiquis-

462 3304 642 3372 simo
701 3306 1159 3375 Herodoteo:
1206 3301 1377 3377 fallit
1422 3325 1745 3399 praeterea
1803 3308 1892 3375 ab
1955 3328 2201 3375 eorum
2251 3323 2560 3373 veterum

460 3410 867 3479 testimonio
883 3412 1181 3479 ductum
1200 3412 1365 3501 ,qui
1390 3430 1759 3503 propterea
1773 3411 1978 3479 illum
2005 3410 2561 3501 antiquissimum

460 3513 938 3605 appellarunt,
988 3510 1181 3606 quod
1225 3518 1532 3583 eundem
1577 3539 1739 3583 cum
1779 3515 1913 3583 alio
1958 3514 2079 3583 illo
2118 3514 2562 3582 crediderunt

312 3598 317 3601 ¹
372 3648 375 3650 “
460 3640 623 3689 vere
659 3618 1169 3708 antiquissimo·
1200 3617 1446 3710 Itaque
1477 3619 1758 3687 aliunde
1795 3620 2245 3711 quaerendum
2267 3668 2286 3699 ‚
2315 3614 2562 3707 ecquid

462 3720 715 3789 habeat
740 3739 1013 3805 noster,
1042 3725 1239 3814 quod
1266 3746 1417 3790 non
1447 3725 1821 3792 conveniat
1857 3746 2013 3791 cum
2051 3740 2242 3791 aetate
2272 3718 2554 3812 Polybii.

404 3814 408 3821 ’
462 3822 651 3895 Leve
674 3843 903 3897 autem
924 3846 1027 3913 est
1041 3880 1061 3915 ,
1078 3828 1277 3917 quod
1292 3845 1500 3928 urget
1517 3850 1906 3919 anonymus
1925 3878 1943 3912 ,
1961 3819 2018 3895 τὲ
2033 3821 2180 3913 μήτε
2207 3808 2559 3913 Ᾰλέξωᾶγον
2583 3892 2592 3903 ,
