2809 4642
628 378 1157 463 HENR1C1
1232 335 1911 465 D'oD'WELm

768 540 1770 719 DlssERTATIO

230 878 327 929 m
396 874 591 939 Qua
651 864 1279 929 oer'NDrrun
1344 876 1844 929 SCYLACEM
1911 877 2321 935 PoLYmo

274 973 281 981 ’
846 998 1260 1093 coAEvuiu
1328 998 1687 1051 FulssE.

608 1384 989 1450 SUMMA
1042 1376 1958 1449 DISSERTATiole.
2052 1382 2060 1389 ’

302 1699 353 1753 ς.
394 1686 438 1743 1.
476 1683 632 1741 Alius
658 1697 735 1739 est
770 1703 802 1737 a
827 1680 1057 1757 Scylace
1080 1680 1453 1757 Caryandensi
1485 1680 1821 1749 Herodoteo,
1847 1686 2123 1759 junbrum
2141 1687 2339 1763 Scylax

220 1760 642 1837 Caryandensis.
659 1792 733 1803 —-
751 1768 797 1823 S.
820 1757 883 1813 11.
908 1758 1146 1813 Perierat
1172 1759 1428 1811 vetustior
1463 1756 1551 1811 ille
1574 1756 1774 1831 Scylax
1795 1782 1807 1813 :
1833 1774 2013 1817 noster
2033 1778 2216 1821 autem
2243 1784 2340 1841 pro

223 1861 287 1895 eo
310 1860 343 1892 a
366 1834 668 1913 junidribus
694 1848 943 1909 acceptus
967 1875 983 1897 ,
1019 1835 1112 1911 qui
1132 1830 1264 1886 duos
1288 1826 1447 1887 fuisse
1473 1831 1726 1906 Scylaces
1749 1832 2156 1909 Caryandenses
2187 1837 2204 1893 i
2281 1860 2342 1893 o-

224 1914 437 1970 rabant.
475 1942 551 1954 --
578 1920 625 1975 S.
657 1908 744 1967 111.
780 1908 864 1966 Ex
896 1907 989 1962 illo
1023 1926 1206 1963 errore
1228 1907 1383 1963 fluxit
1402 1950 1418 1975 ,
1447 1906 1590 1987 quod
1613 1922 1857 1963 nostrum
1891 1910 2036 1966 hunc
2071 1916 2222 1991 perip
2245 1934 2344 1971 um

226 1990 397 2047 Dario
422 1990 741 2063 inscriptum
760 1983 1092 2040 crediderint
1111 1986 1456 2039 recentiores.
1477 2016 1554 2027 -
1574 1994 1620 2047 S.
1644 1982 1742 2040 IV.
1773 1983 1958 2041 Alium
1979 2026 1994 2050 ,
2011 2004 2208 2064 praeter
2227 1990 2343 2047 He..

227 2067 516 2121 rodoteum
560 2061 852 2135 Scylacem
892 2058 1336 2134 Caryandensem
1368 2104 1383 2126 ‚
1435 2061 1716 2115 neminem
1761 2080 1788 2113 a
1829 2078 2058 2119 noscunt
2100 2081 2303 2121 veteres
2321 2112 2340 2134 ,

264 2156 423 2196 raeter
454 2138 612 2194 illum
640 2138 735 2215 qui
756 2138 965 2211 scripsit
981 2138 1041 2190 iu
1058 2134 1375 2209 Polybium.
1406 2134 1454 2190 Is
1483 2149 1616 2210 ergo
1643 2079 1830 2212 peripfi
1855 2140 2020 2193 nostri
2042 2156 2226 2195 auctor
2247 2142 2340 2197 ha—

298 2216 438 2271 ndus
470 2228 566 2269 est.
601 2245 668 2256 —
706 2222 755 2276 S.
788 2211 858 2269 V.
877 2209 1005 2267 Non
1030 2213 1208 2287 potuit
1228 2212 1386 2269 maris
1404 2210 1788 2267 Mediterranei
1815 2214 1930 2289 peri
1969 2213 2084 2269 lum
2105 2216 2344 2274 scribere

228 2292 468 2366 Scylax,
506 2292 549 2344 si
586 2286 720 2343 adeo
756 2282 970 2355 fuisset,
1004 2306 1170 2365 quam
1213 2285 1438 2352 volunt,
1472 2289 1732 2365 antiquus.
1763 2318 1840 2329 ·-
1879 2298 1928 2353 ς.
2001 2288 2044 2347 1.
2082 2289 2342 2369 Emporia.
2429 2304 2440 2317 ⁸

230 2365 774 2441 Carthaginiensium
804 2366 861 2419 in
880 2362 1131 2439 Hispania
1152 2364 1455 2417 recentiora
1490 2362 1592 2417 illis
1630 2362 1961 2435 temporibus
1979 2407 1995 2430 ‚
2033 2365 2224 2443 quibus
2244 2389 2340 2422 vo-

228 2440 357 2496 lunt
381 2442 641 2516 scripsisse
656 2439 959 2513 Scylacem.
987 2470 1061 2481 -
1079 2447 1125 2502 ς.
1152 2436 1271 2494 VII.
1314 2428 1496 2498 Κελπῖ
1533 2432 1942 2513 α’·π-ολειφΘὲνπς
1961 2436 2068 2508 τ’»ἷς
2099 2436 2340 2523 §paulac

270 2526 398 2581 aulo
442 2525 767 2603 antiquiores
796 2522 1042 2597 Polybio.
1076 2554 1153 2567 —-
1186 2532 1235 2586 S.
1272 2520 1414 2577 VIII.
1443 2521 1750 2578 Leucadem
1789 2522 2020 2579 insulam
2069 2544 2342 2585 memorat

230 2548 307 2659 Sc
353 2600 469 2663 lax,
504 2599 673 2679 qualis
696 2592 834 2653 facta
865 2614 943 2655 est
970 2596 1067 2653 sub
1105 2596 1342 2653 secundo
1379 2596 1604 2653 demum
1640 2596 1890 2675 Philippo
1913 2598 2232 2660 Macedone.
2264 2634 2342 2647 --

230 2688 281 2743 S.
329 2676 406 2733 X.
438 2674 709 2733 Messenes
727 2673 873 2730 urbis
894 2675 1100 2728 mentio
1129 2672 1287 2729 illum
1314 2674 1489 2749 arguit
1517 2671 1705 2753 saltem
1728 2674 1995 2747 juniorem
2027 2668 2184 2733 fuisse
2203 2676 2338 2757 Epa-

232 2752 512 2808 minonda.
528 2784 604 2797 --
622 2761 664 2815 S.
691 2750 764 2807 Χ.
787 2750 830 2805 E
858 2752 1137 2804 mentione
1153 2747 1412 2803 Corinthi
1435 2762 1491 2803 et
1511 2747 1851 2822 Carthaginis
1870 2792 1885 2815 ,
1910 2750 2180 2826 colligitur
2198 2775 2340 2812 anno

230 2824 393 2885 Varr.
418 2828 525 2885 608
559 2846 631 2883 ne
694 2826 877 2883 uidem
907 2826 1140 2903 potuisse
1168 2842 1277 2879 esse
1310 2825 1597 2897 juniorem.
1627 2856 1704 2869 -
1723 2833 1770 2887 S.
1793 2822 1892 2881 XI.
1911 2816 2166 2887 Meminit
2189 2833 2339 2889 idem

236 2903 444 2978 Scylax
466 2902 611 2959 urbis
694 2905 757 2965 ii,
789 2922 818 2956 a
834 2900 1087 2978 Philippo
1106 2898 1407 2955 Macedone
1429 2918 1568 2955 anno
1591 2897 1751 2955 Varr.
1775 2916 1879 2990 523
1914 2904 2102 2958 excisae
2125 2947 2138 2968 ‚
2163 2923 2344 2983 postea
2463 2916 2484 2943 ⁸

234 2997 367 3033 vero
388 2998 417 3032 a
433 2978 611 3033 Prusia
624 3020 638 3044 ,
657 2977 929 3052 Bithyniae
954 2994 1082 3052 rege
1099 3019 1115 3043 ‚
1138 2974 1236 3029 sub
1252 2994 1391 3029 novo
1413 2973 1675 3029 Prusiadis
1701 2994 1925 3031 nomine
1940 2994 2330 3039 restauratae.-

234 3064 283 3118 ς.
305 3052 431 3109 XII.
446 3052 592 3127 Tyri
615 3056 867 3109 meminit
882 3052 1085 3127 Scylax
1100 3052 1199 3105 sub
1218 3049 1399 3105 insulae
1411 3053 1636 3105 nomine
1650 3090 1662 3113 ,
1681 3070 1804 3129 quae
1817 3066 2001 3109 tamen
2027 3054 2098 3109 ab
2113 3056 2342 3115 Alexan-

236 3130 335 3185 dro
360 3128 447 3185 M.
465 3122 606 3185 facta
626 3145 705 3185 est
716 3128 1008 3205 peninsula.
1026 3160 1102 3173 -—
1120 3137 1169 3191 S.
1190 3124 1327 3181 XIII.
1346 3126 1506 3181 Hunc
1525 3126 1797 3203 periplum
1815 3147 1930 3185 non
1945 3132 2058 3207 ipse
2073 3137 2342 3211 navigavit

236 3204 440 3279 Scylax
454 3249 473 3272 ,
510 3204 601 3259 sed
621 3222 688 3259 ex
710 3202 825 3258 aliis
844 3202 1171 3278 singularum
1190 3206 1427 3279 partium
1447 3202 1588 3257 inter
1606 3220 1660 3256 se
1681 3207 1973 3260 commissis
2002 3208 2218 3285 periplis
2239 3230 2340 3286 pro

238 3274 383 3335 mari'
402 3279 809 3337 Mediterraneo
842 3282 1097 3333 universo
1118 3281 1233 3354 ipse
1272 3270 1525 3333 confecit.
1555 3308 1636 3321 —-
1662 3288 1710 3343 ς.
1739 3276 1895 3335 XIV.
1941 3280 2123 3353 Θῆἔᾳᾼ
2169 3286 2344 3369 abac

238 3369 467 3423 auctoris
480 3410 497 3433 ,
520 3368 615 3445 qui
631 3367 771 3420 inter
784 3364 1129 3441 olymp.·cx1,
1148 3384 1199 3428 2,
1217 3376 1271 3419 et
1284 3363 1494 3440 olymp.
1513 3376 1684 3427 cxvi,
1703 3384 1754 3430 2,
1771 3367 2128 3441 scripserit—
2149 3378 2199 3432 ς.
2211 3356 2341 3425 XV.

240 3440 419 3497 Urbes
432 3460 573 3518 saepe
588 3439 975 3531 antiquioribus
992 3482 1007 3507 ,
1022 3458 1183 3517 quam
1200 3430 1301 3515 pio
1319 3458 1412 3493 sua
1429 3453 1586 3493 aetate
1598 3483 1615 3507 ,
1631 3438 1940 3497 nominibus
1960 3459 2242 3499 recensent
2253 3462 2344 3499 ex-

246 3533 518 3593 cerptores
537 3560 555 3583 ,
586 3516 754 3595 qual1s
775 3531 891 3571 erat
901 3513 1115 3589 Scylax.
1150 3545 1229 3557 —-
1263 3524 1307 3579 s.
1332 3512 1483 3570 XVI.
1503 3514 1802 3570 Hodiernus
1823 3516 2059 3595 periplus
2079 3520 2197 3572 satis
2222 3536 2344 3595 apte

240 3592 529 3669 respondet
549 3594 713 3668 primi
742 3593 973 3647 auctoris
1007 3590 1259 3655 consilio,
1297 3593 1654 3669 convenitque
1680 3610 1809 3645 cum
1839 3610 2065 3667 persona
2099 3610 2161 3645 ac
2188 3609 2343 3651 aetate

240 3666 482 3743 Scylacis
504 3666 809 3743 Polybiani.
840 3702 917 3712 —
946 3677 989 3731 s.
1016 3664 1189 3722 XVII.
1222 3663 1422 3729 Qualis
1454 3650 1618 3723 fuerit
1639 3666 1880 3741 Scylacis
1907 3664 2176 3743 periodus.
2197 3668 2345 3727 Tam
2399 3658 2402 3665 ¹

242 3743 529 3817 periodum
551 3762 715 3823 quarn
734 3746 845 3822 peri
887 3742 1003 3797 lum
1025 3742 1236 3799 videtur
1255 3744 1760 3819 scripsisse‚juvenis.
1799 3776 1874 3787 —
1901 3752 1943 3805 S.
1970 3739 2166 3799 XVIII.
2203 3746 2346 3815 Quae

244 3816 404 3875 habet
420 3816 625 3895 Scy'lax
639 3816 707 3874 de
727 3838 817 3874 ora
882 3813 1026 3875 fricae
1044 3831 1266 3877 externa
1284 3858 1299 3883 ,
1326 3836 1438 3874 non
1458 3836 1525 3875 ex
1545 3818 1811 3875 Hannone
1830 3816 2042 3873 videtur
2059 3824 2324 3899 accepisse

243 3893 333 3949 sed
353 3898 536 3973 potius
564 3916 594 3951 a
614 3894 879 3971 Polybio„

1905 3990 1995 4058 L*
