2809 4642
412 339 417 347 .
470 309 495 352 ι
516 265 634 373 γι
1000 301 1436 356 Donwntu
1491 280 2014 355 ms'srnurro

458 406 864 477 Marcianus
896 406 1368 479 Heracleota¹.
1388 408 1476 477 Et
1493 396 1832 478 rationem
1857 407 2070 500 paulo
2095 394 2254 475 ante
2277 404 2554 475 dederat

457 510 690 579 illam·
720 526 818 581 Eu
842 510 941 579 σῦν
968 508 1203 589 πλάςων
1232 542 1339 589 της
1370 504 1662 588 ,θαλάσσης
1701 506 2056 596 &ssuaa-ivm
2082 538 2286 605 sapone,
2321 538 2408 594 τῳ
2439 522 2556 575 Ρω-

458 613 647 699 μαίας
662 607 899 700 ‘wama
934 621 1189 703 πολέμῳ
1216 612 1611 703 κεκῦιπηάνα(
1641 613 1846 687 τέεπὲνν.
1878 617 2016 685 Hic
2043 638 2209 683 sane
2239 615 2553 683 videmus

467 740 843 810 quousque
861 770 878 799 ,
907 719 1040 788 sub
1057 724 1371 790 secundo
1390 721 1766 791 Ptolemaeo
1785 772 1805 802 ,
1831 742 2202 814 progressa
2213 715 2440 786 fuerat
2455 740 2556 787 res

470 824 977 917 geographica,
1020 827 1344 901 cumhoc
1378 824 1852 898 Timosthenis
1887 823 2156 915 periplo
2189 820 2554 915 perfectius

470 924 642 992 nihil
662 926 863 995 sciret
888 951 1274 997 coaevorum
1298 932 1911 999 monumentorum
1934 928 2384 1020 peritissimus
2407 924 2556 993 Era·

468 1029 843 1099 tostheneS.
886 1030 1037 1098 Imo
1080 1054 1166 1101 ex
1198 1032 1470 1102 ratione
1519 1030 2219 1127 addita'collig-imus,
2255 1032 2345 1098 de
2388 1027 2562 1096 freto

466 1129 860 1217 Herculeo,
908 1138 997 1203 de
1030 1159 1151 1205 ora
1180 1136 1538 1228 Hispaniae
1576 1138 1947 1216 maritima,
1983 1136 2194 1225 atque
2232 1131 2558 1201 Africana

468 1258 511 1303 a
549 1234 973 1332 Carthagine
1008 1262 1235 1331 usque
1264 1243 1352 1308 ad
1388 1236 1660 1322 Gades,
1698 1240 1979 1333 plenam
2013 1238 2278 1307 nullam
2311 1234 2568 1305 Graecis

470 1338 857 1411 innotuisse
898 1344 1397 1437 geographiam
1435 1394 1453 1424 ,
1511 1346 1677 1411 dum
1734 1343 2234 1411 Romanorum,
2267 1338 2574 1409 victoriis

468 1442 900 1533 patefierent.
932 1446 1155 1529 Quod
1176 1470 1340 1514 sane
1370 1445 1628 1515 factum
1659 1447 1980 1540 auspiciis
2004 1443 2345 1538 Scipionis
2377 1440 2568 1539 gxfri-

474 1548 629 1614 cani
678 1548 986 1634 majoris,
1033 1550 1474 1619 adolescente
1513 1550 1827 1642 Polybio,
1869 1549 2041 1618 Non
2076 1564 2349 1641 poterat
2394 1568 2565 1641 ergo

474 1652 826 1743 antiquior
871 1651 1162 1744 Polybio
1198 1652 1438 1745 Scylax
1487 1656 1604 1724 has
1658 1678 1811 1723 oras
1855 1657 2032 1723 adeo
2082 1668 2400 1721 accurate
2447 1652 2569 1720 de-

478 1756 800 1823 scribere.
820 1754 976 1824 Nec
1011 1781 1177 1825 sane
1202 1782 1365 1826 vera
1400 1759 1540 1826 haec
1571 1780 1719 1826 esse
1759 1775 1970 1853 negat
2015 1778 2428 1847 anonymus,
2460 1750 2572 1821 Sic

476 1858 667 1924 enim
702 1858 942 1927 habet.
928 1864 1087 1927 ’Τῶν
1108 1854 1172 1928 «Ιῖ
1194 1859 1434 1939 ‘nmis-m
1462 1853 1541 1930 ἕπ
1561 1888 1744 1960 mec-»v
1762 1886 1856 1934 της
1876 1861 2020 1925 καθ’
2051 1856 2217 1945 κμὲἱς
2245 1850 2572 1937 einamma,

486 1984 587 2047 ’(94
616 1986 701 2036 wc
720 1962 870 2030 ’ένέδν
892 1948 1223 2048 Ηξρικλεὶων
1246 1967 1425 2038 ςκλων
1452 1962 1738 2037 ,θαλάσσης
1756 1960 1932 2048 vigy,
1949 1988 2054 2030 w
2075 1959 2262 2057 [lege
2281 1950 2568 2052 περάτων]

478 2065 709 2130 vomant
740 2050 1131 2151 οἷγοεμὲνων,
1168 2070 1438 2147 &57:285-
1455 2066 1817 2193 ἀνακάψαι
1855 2062 2170 2147 welanao.
2192 2058 2288 2133 Τὰ
2318 2055 2424 2145 μὲν
2465 2057 2572 2159 γεῖς

482 2166 577 2241 ’ἧς
616 2164 747 2253 ἑῴας
784 2156 1195 2263 A'M'g'dvdpog‘
1170 2203 1197 2239 o
1234 2164 1508 2240 Μαιαᾶἓιν
1536 2170 1698 2240 <mm
1741 2174 1856 2277 ¹735<
1886 2168 2202 2257 ἀνθρώπως
2215 2164 2405 2235 πάντα
2430 2194 2574 2243 ωτ-

486 2273 675 2341 imae·
694 2268 805 2341 ’πὶ
858 2269 922 2342 effi
961 2304 1067 2343 των
1112 2270 1397 2353 ἐπεβίων
1447 2270 1719 2357 ἔθνων,
1689 2306 1718 2346 n
1757 2257 2032 2359 Ρωμαίων
2073 2268 2306 2363 ἇνῷωοὶ
2339 2272 2572 2355 πολέμῳ

478 2368 663 2445 τέων
702 2372 1029 2471 κρατήσασα.
1081 2376 1307 2449 Sensit
1351 2380 1554 2457 maris
1610 2379 2106 2449 Mediterranei
2149 2378 2387 2458 wifflm.
2415 2414 2470 2451 ,·
2460 2395 2577 2440 ·ex

480 2498 774 2572 utraque
830 2502 1022 2575 parte
1051 2534 1070 2567 ,
1135 2501 1271 2553 tam
1326 2498 1564 2554 versus
1608 2484 1946 2552 orientem
2001 2504 2210 2572 quam
2262 2478 2582 2546 occiden-

482 2602 661 2666 tem,
714 2590 1032 2655 nondum
1079 2587 1291 2659 fuisse
1333 2613 1454 2670 ea,
1491 2604 1697 2680 quam
1743 2584 2002 2677 Scylaci
2053 2584 2325 2665 tribuit,
2381 2596 2580 2650 aetate

482 2683 742 2757 Graecis
790 2691 1159 2782 explorata.
1210 2692 1433 2783 quue
1477 2706 1844 2784 propterea
1886 2691 2075 2780 quod
2119 2687 2400 2755 orientis
2441 2702 2584 2752 ter-

484 2793 750 2859 minum
770 2796 1109 2885 aperuerit
1130 2794 1432 2872 victoriis
1450 2797 1589 2863 suis
1607 2795 2018 2862 Alexander
2023 2792 2175 2869 M.
2184 2782 2590 2857 occidentis

482 2912 711 2963 autem
752 2896 1053 2967 Romani
1090 2898 1231 2965 suis
1274 2898 1513 2966 itidem
1546 2899 1873 2966 victoriis,
1925 2895 2114 2963 Huic
2159 2916 2331 2988 ergo
2375 2914 2587 2986 argu-

487 3018 728 3069 mento
755 3020 837 3069 ut
858 3018 1271 3083 occurreret,
1298 3000 1688 3070 observavit
1715 3003 1940 3069 minus
1965 2996 2178 3088 fuisse
2205 2994 2590 3086 Scylacem,

376 3126 387 3137 ·
488 3104 561 3171 in
599 3106 740 3183 his,
778 3128 1021 3197 quam
1014 3105 1123 3171 in
1150 3103 1294 3172 aliis
1334 3128 1505 3196 quae
1531 3105 1752 3201 magis
1798 3100 2051 3173 Graecis
2093 3102 2590 3180 innotuerant,

485 3226 933 3275 accuratum.
973 3228 1261 3299 nempe,
1293 3226 1384 3277 ·ut
1417 3209 1712 3302 opinor,
1749 3208 1989 3301 quod'
1972 3228 2046 3275 m
2087 3205 2230 3277 aliis
2273 3204 2446 3272 locis
2489 3203 2591 3271 ci—

480 3306 751 3378 -vitates
770 3311 1104 3382 addiderit
1134 3313 1702 3394 mediterraneas,
1740 3329 1807 3379 et
1837 3308 2342 3401 frequentiores
2379 3307 2592 3375 etiam

487 3436 697 3504 quam
744 3413 852 3481 hic
881 3412 1205 3495 fecerit,·'
1187 3440 1276 3483 m
1304 3412 1428 3485 ora
1456 3438 1744 3508 quoque
1777 3414 2138 3483 maritima.
2175 3409 2314 3479 Sed
2352 3428 2422 3479 et
2458 3408 2597 3477 alia

490 3540 779 3609 quoque
824 3516 994 3587 ratio
1028 3542 1177 3586 esse
1198 3522 1443 3639 potuit
1477 3542 1616 3588 cur
1637 3520 1731 3587 ita
1777 3515 2065 3586 fecerit.
2108 3538 2364 3607 nempe
2397 3513 2596 3604 quod

478 3642 740 3713 graecas
776 3622 1121 3715 praecipue
1154 3623 1456 3713 civitates
1481 3624 1848 3691 observare
1877 3622 1948 3688 in
1981 3620 2218 3689 animo
2253 3617 2602 3687 habuerit.

490 3723 654 3807 Hoc
696 3748 859 3793 sane
912 3729 1063 3818 ejus
1112 3729 1481 3797 consilium
1537 3728 1611 3794 in
1665 3742 1812 3794 toto
1876 3714 2122 3816 opere
2143 3720 2596 3791 manifestum

574 3846 869 3905 ¹Mat-ciart.
896 3870 951 3927 p
937 3854 1074 3923 64,
1102 3850 1262 3907 Huds.
1318 3880 1325 3887 ·
