2809 4642
538 342 689 427 404
1250 340 1890 411 -A-'DNorAi-ronas

450 450 459 455 ¹
536 460 873 523 Gronovio‘
899 454 1205 537 vulgatam
1237 452 1558 517 Strabonis
1601 453 1928 517 lectionem
1959 446 2219 519 'Om‘mv
2248 444 2580 525 vindicanti,

536 564 720 628 quam
750 540 1077 603 Salmasius
1116 540 1219 621 (a)
1237 586 1256 615 ,
1285 537 1692 603 casaubonus
1716 539 1852 621 (b),
1873 555 1933 601 at
1979 558 2054 599 ue
2079 558 2270 621 nuper
2302 536 2577 601 Strabonis

541 635 831 711 interpres
860 624 1108 707 gallicus
1134 624 1213 685 du
1248 622 1427 687 Theil
1439 624 1535 706 (c)
1548 670 1572 700 ,
1601 622 1864 687 deletam
1881 561 2149 703 vdlluere.
2175 620 2312 685 Imo
2332 622 2505 705 liquet
2521 640 2578 681 ex

544 711 847 791 Strabone
864 710 965 793 (d)
988 701 1249 773 Ὀλῦσσην
1272 730 1377 771 seu
1397 704 1653 783 Ὀλῧντα,
1682 724 1750 769 ut
1765 706 1897 770 vult
1915 706 2138 790 Scylax
2151 752 2172 783 ,
2190 724 2416 791 partem
2435 704 2580 767 fuisse

540 796 850 869 Phaestiae,
880 813 939 857 et
962 796 1025 855 in
1050 791 1268 857 eodem
1290 792 1484 854 litoris
1512 809 1705 855 tractu
1723 795 1918 855 sitam.
1944 790 2287 876 Stephanus
2303 796 2472 854 etiam
2491 809 2582 849 me·

540 877 906 943 ridionalem
952 876 1227 941 locorum
1266 880 1450 939 situm
1483 874 1801 939 confirmat
1835 875 2158 941 scribendo
2197 877 2290 960 (e)
2328 901 2343 937 z
2375 864 2502 937 Ἐστι
2527 866 2584 933 «Ρὲ

543 958 927 1061 ommddbcg,
950 962 979 1021 ὁ
1009 956 1344 1030 καλούμενος
1369 955 1582 1030 Δισσιῖς.
1609 960 1696 1025 At
1741 964 1802 1023 ui
1830 964 1880 1023 si
1908 958 2278 1071 Stephanum
2303 958 2585 1023 contuleri-

544 1072 679 1112 mus
704 1067 844 1111 cum
880 1045 1137 1129 ⁷Scylace
1174 1045 1379 1129 paullo
1404 1044 1562 1108 infra
1589 984 1889 1109 scribente
1918 1044 2224 1125 ορος-νόπν
2259 1041 2492 1121 ‹Dio-705,
2522 1044 2586 1103 sic

545 1130 865 1196 meridiem
892 1152 1124 1204 versus,
1157 1126 1304 1208 ωρδς
1322 1126 1481 1199 ro‘m,
1513 1128 1654 1191 urbs
1677 1146 1738 1193 et
1762 1129 1926 1193 lacus
1953 1129 2118 1192 Lissa
2143 1128 2586 1193 collocabuntur.

544 1218 741 1281 Erant
778 1218 963 1300 igitur
998 1236 1140 1277 cum
1178 1212 1348 1277 Lissa
1388 1212 1815 1278 meridionales
1838 1259 1857 1289 ,
1894 1232 2025 1277 tum
2067 1215 2336 1277 Phaestus
2359 1260 2380 1289 ,
2421 1230 2530 1274 tum
2563 1229 2591 1269 a

550 1301 793 1365 Phaesto
832 1298 998 1363 haud
1030 1316 1265 1362 remota
1296 1297 1476 1361 Olus.
1514 1296 1720 1363 Video
1755 1316 1958 1362 tamen
1993 1297 2229 1384 aliquid
2267 1302 2329 1361 in
2377 1294 2591 1379 Scylace

548 1385 941 1468 discrepantis
982 1405 1105 1447 esse
1140 1406 1283 1446 cum
1322 1381 1643 1449 Strabone.
1679 1382 1902 1447 Strabo
1931 1388 2094 1447 enim
2136 1381 2261 1446 fere
2293 1381 2592 1460 adjacentes

551 1469 725 1535 urbes
749 1469 1050 1533 Phaestum
1068 1486 1129 1530 et
1146 1467 1385 1531 Olunta
1406 1466 1621 1531 referre
1634 1465 1898 1544 videtur,
1922 1465 2069 1530 dum
2091 1466 2317 1552 Scylax
2331 1466 2592 1529 Phaestum

548 1571 639 1619 sat
662 1554 875 1639 procul
896 1550 1282 1616 occidentem
1305 1574 1507 1615 versus
1529 1552 1606 1615 ab
1631 1552 1870 1617 Olunte
1893 1552 2312 1616 collocaverit.
2336 1548 2448 1615 Sed
2463 1543 2592 1631 apud

555 1638 876 1721 Scylacem
897 1638 1164 1701 Phaestus
1186 1637 1327 1699 urbs
1345 1636 1469 1701 fere
1486 1655 1724 1700 tantum
1742 1655 1861 1714 est;
1889 1636 2050 1721 apud
2078 1636 2440 1701 Strabonem
2457 1651 2592 1704 vero,

552 1740 616 1787 et
634 1723 845 1786 urbem
864 1726 1053 1805 ipsam
1072 1739 1131 1784 et
1148 1738 1347 1785 totum
1371 1722 1514 1785 litus
1537 1720 1691 1785 illud
1716 1720 2162 1805 complectitur,
2184 1721 2354 1807 quod
2369 1716 2592 1805 paullum

559 1808 640 1871 ad
676 1806 995 1870 meridiem
1017 1822 1077 1870 et
1105 1804 1188 1867 ad
1226 1804 1614 1870 occidentem
1639 1807 1818 1869 simul
1849 1822 2096 1891 spectat.
2135 1805 2397 1869 Curavit
2422 1802 2596 1867 referre

557 1891 782 1955 Strabo
806 1937 824 1966 ,
866 1908 983 1955 tres
1027 1888 1205 1953 urbes
1244 1890 1393 1953 olim
1446 1891 1634 1953 tribus
1680 1890 1888 1954 Cretae
1925 1890 2194 1975 partibus
2233 1894 2598 1975 imperitasse;

555 1976 860 2039 Cnossam
886 2022 905 2050 ,
956 1974 1234 2037 litoribus
1279 1974 1358 2037 ad
1414 1972 1715 2039 Graeciam
1778 1975 2191 2058 spectantibus
2219 2022 2240 2053 ,
2298 1976 2596 2057 Gortynam

542 2064 677 2123 oris
719 2058 1250 2135 meridionalibus,
1288 2059 1594 2123 Phaestum
1637 2058 1932 2123 occiduis.
1971 2060 2077 2123 Ad
2120 2059 2187 2123 id
2229 2059 2442 2123 recidit
2490 2076 2598 2141 geo·

560 2143 848 2228 graphus,
886 2166 1077 2229 quum
1110 2143 1431 2207 Phaestiam
1452 2142 1662 2227 refert,
1688 2167 1724 2206 a
1743 2148 2168 2231 promontorio
2193 2144 2596 2225 Criu-Metopo

562 2250 755 2313 usque
808 2227 885 2290 ad
928 2218 1101 2315 ἄκραν
1137 2227 1303 2290 illam
1347 2229 1536 2291 litoris
1560 2277 1578 2306 ,
1622 2230 1728 2291 ubi
1769 2229 2040 2293 Phaestus
2081 2229 2222 2292 urbs
2259 2229 2460 2304 sedet,
2502 2244 2599 2287 sese

394 2338 401 2347 ⁸
488 2326 493 2331 “
562 2310 1050 2397 protendentem.
1088 2311 1277 2377 Certe
1317 2309 1540 2377 Strabo
1577 2317 1641 2377 in
1683 2315 1956 2378 Phaestiae
1997 2318 2300 2378 territorio
2347 2317 2473 2397 sitas
2505 2329 2600 2374 esse

564 2397 812 2461 dixisset
837 2397 1049 2473 urbes,
1085 2420 1236 2482 quas
1258 2396 1485 2461 medias
1513 2402 1673 2463 inter
1710 2399 2202 2483 Criu-Metopon
2242 2416 2308 2463 et
2343 2402 2598 2463 civitatem
2638 2436 2650 2457 .

567 2482 873 2547 Phaestum
898 2500 1195 2544 memorat
1220 2480 1465 2569 Scylax.
1487 2482 1614 2546 Sed
1633 2482 1949 2547 redeamus
1971 2482 2396 2568 ad‘Scylacem
2415 2477 2598 2544 :offen-

566 2566 773 2641 ditur,
808 2588 921 2628 nec
942 2570 1264 2630 immerito
1288 2613 1309 2643 ,
1346 2567 1700 2631 Gronovius
1725 2614 1743 2643 ,
1764 2567 1949 2653 'quod
1989 2568 2147 2631 Olus
2184 2566 2350 2653 apud
2383 2564 2598 2631 nostru'm

566 2670 829 2736 ponatur
862 2649 941 2725 ad
966 2655 1470 2734 septentrionem3
1503 2652 1609 2717 sed
1643 2656 1736 2716 vir
1755 2656 2023 2737 egregius
2050 2650 2287 2717 nullum
2323 2647 2599 2717 remedium

554 2732 957 2809 ,emendando
992 2734 1185 2799 affert.
1216 2734 1351 2819 Ego
1396 2758 1536 2799 vero
1579 2734 1760 2821 valde
1795 2741 2066 2821 suspicor
2097 2736 2341 2801 subesse
2372 2738 2597 2801 lacunam

498 2858 505 2863 ,
570 2820 783 2965 posta?²
822 2817 979 2897 λιμήν
1020 2818 1069 2883 ἐν
1109 2819 1297 2902 αὐτῷ,
1332 2838 1392 2883 et
1431 2820 1636 2885 deesse
1677 2844 1900 2891 nomen
1945 2822 2120 2903 hujus
2142 2840 2352 2911 portus
2377 2816 2595 2885 vel'loci.

612 2900 741 2965 nde.
764 2908 978 2966 transit
998 2900 1223 2990 Scylax
1250 2904 1332 2967 ad
1360 2905 1705 2981 meridiem,
1741 2906 1847 2968 ubi
1871 2906 2110 2969 Olunta
2129 2906 2422 2971 collocat.
2454 2902 2596 2967 Nunc

573 2992 822 3050 minime
854 2986 1117 3053 delenda
1149 2988 1295 3051 mihi
1328 2990 1572 3053 videtur
1600 2991 1729 3053 haec
1755 2990 2004 3056 dicendi
2036 2991 2234 3055 forma
2257 2996 2466 3056 iterum
2493 2986 2597 3051 inox

576 3089 861 3155 usurpata
910 3068 1294 3155 ωρδςβρρέαι
1331 3068 1404 3137 5⁸2⁸
1411 3122 1511 3139 .....
1541 3123 1562 3153 ,
1601 3096 1714 3138 nec
1763 3075 2038 3139 locorum
2090 3080 2344 3159 nomina
2391 3079 2446 3138 in
2481 3072 2598 3134 illius

578 3158 784 3219 locum
826 3154 1130 3223 addenda.
1170 3157 1467 3226 Ceterum
1503 3182 1613 3245 pro
1647 3156 1688 3249 ᾖ
1727 3160 1884 3233 nib,
1922 3161 2254 3225 rescribant
2292 3161 2393 3224 alii
2424 3156 2462 3249 f}
2492 3150 2602 3217 πόλις

580 3264 727 3321 cum,
750 3239 972 3305 Vossio
986 3288 1007 3317 ,
1022 3290 1027 3293 -
1040 3242 1147 3305 alii
1166 3240 1405 3307 Πέυινονα
1425 3268 1499 3310 ex
1519 3244 1858 3309 Ptolemaeo
1867 3268 1888 3321 ;
1913 3263 2006 3324 at,
2034 3245 2206 3331 quod
2221 3245 2311 3311 ad
2346 3240 2596 3331 sequentia

580 3324 848 3403 adtinet,
882 3327 1087 3390 Vossii
1108 3328 1600 3393 emendationem
1631 3350 1870 3414 sequor.
2487 3322 2494 3331 ’

664 3412 813 3491 246.
854 3406 1154 3495 Μεσαΐπυς]
1186 3410 1535 3483 Μεσσάπυλκ
1571 3434 1659 3479 est
1695 3418 1757 3479 in
1797 3415 2187 3480 Dicaearcho.
2225 3414 2492 3479 Hudson.

669 3503 815 3573 247.
859 3495 1067 3582 Vulgo
1112 3496 1276 3559 Μεπὲ
1305 3493 1382 3561 (Ν
1411 3494 1687 3579 Ὀσμίδὶυ
1702 3547 1722 3576 ,
1750 3498 2128 3589 'Euda-prou]
2159 3499 2322 3585 Lege
2365 3492 2508 3563 Μεπὶ
2529 3484 2602 3563 Ν»

602 3575 865 3659 Οσμίέὶι,
910 3572 1244 3661 Ἐλεῦθερναι
1286 3578 1427 3661 turpe}
1461 3582 1664 3665 Βορέαν.
1715 3584 1976 3653 Vossius.
2106 3603 2118 3615 ·

676 3662 801 3725 Sed
839 3662 1146 3745 vulgatam
1185 3666 1512 3732 commode
1536 3673 1956 3753 interpretatur
1977 3670 2282 3735 Menrsius
2299 3660 2640 3759 poeto-‘mi‘-

645 3830 709 3881 (α)
737 3828 909 3872 Εκενεὶπ
920 3832 1095 3874 Plinian.
1119 3846 1210 3887 pag.
1232 3833 1326 3874 118.
1669 3850 1772 3882 tom.
1793 3841 1864 3892 lv,
1884 3855 1977 3897 pag.
2003 3838 2100 3897 361.

646 3884 711 3938 (b)
739 3886 896 3928 Adnot.
916 3887 969 3926 ad
987 3889 1119 3929 strab.
1134 3890 1211 3931 lib.
1228 3900 1285 3937 x,
1306 3906 1401 3945 pag.
1422 3906 1522 3950 479.
1727 3898 1791 3953 (d)
1819 3899 1918 3939 Loc.
1943 3902 2014 3940 cit.

648 3942 707 3995 (a)
734 3941 801 3985 Ad
825 3942 1050 3989 1oe.strab.
1066 3947 1142 4005 cit.
1157 3946 1332 3993 traduct-
1364 3950 1568 4004 francaise
1587 3978 1599 3999 ‚
1641 3978 1646 3989 .
1729 3956 1790 4008 (e)
1818 3955 1920 3997 Voc.
1937 3956 2100 3997 *amic-

1537 4034 1572 4063 l

2741 3486 2744 3661 ί

2736 3768 2742 4121 †
