2809 4642
477 311 572 382 26
1007 331 1443 386 ιιοιιινιιιιι
1502 326 2025 384 mssenuno

469 436 654 536 quit,
697 455 914 506 meant
948 393 1391 532 fialaepkams
1432 433 1675 529 allique
1710 431 2047 531 mythologi
2066 407 2349 524 fluvium
2386 430 2557 504 Gor-

459 560 686 636 gotium
729 540 951 610 insula
999 543 1286 614 vicinum.
1353 537 1519 608 Hoc
1566 537 1625 608 si
1686 535 1933 608 'fuisset
1970 557 2211 606 verum
2232 583 2251 615 ,
2302 536 2555 606 mirum
2638 605 2657 616 ,

467 658 652 712 esset
681 640 994 734 profecto
1037 643 1300 714 nullam
1338 643 1549 733 hujus
1578 638 1777 711 fluvii
1812 638 2242 710 mentionem
2278 638 2553 732 abipso

407 801 415 805 .
469 767 624 814 esse
664 741 913 817 factam
947 746 1332 818 Hannone.
1355 746 1623 815 Mirum
1654 761 1833 814 esset
1858 758 2185 836 praeterea
2220 741 2279 811 si
2319 743 2554 833 junior

471 847 720 940 aliquis
753 848 1114 922 Hannone
1161 852 1310 919 dux
1369 847 1747 917 Hannonis
1803 845 2033 938 potius
2084 867 2297 936 quam
2348 868 2553 914 suum

471 951 733 1032 nomen
779 950 1000 1023 fluvio
1027 951 1495 1046 imposuisset.
1528 951 1795 1020 Mirum
1824 949 2169 1040 denique,
2202 965 2273 1016 et
2302 972 2346 1018 a
2374 949 2555 1042 peri·-

469 1051 748 1145 plorum
762 1072 1076 1126 veterum
1093 1053 1429 1146 exemplis
1462 1075 1745 1146 prorsus
1772 1051 2109 1132 alienum,
2134 1050 2195 1120 si
2218 1074 2549 1121 novarum

471 1177 748 1225 orarum
807 1147 1233 1250 explorator,
1294 1181 1443 1227 nou
1494 1155 1787 1225 urbibus
1838 1157 2317 1226 tantummodo
2344 1205 2367 1238 ,
2430 1173 2551 1226 aut

469 1257 782 1330 conditis
791 1283 832 1328 a
859 1283 938 1330 se
971 1261 1303 1343 coloniis,
1332 1259 1965 1355 promentur-iisque
2000 1257 2393 1340 maritimis,
2430 1261 2555 1328 sed

469 1357 702 1432 fluviis
757 1363 962 1460 etiam
1012 1387 1196 1434 nova
1220 1365 1527 1434 nomina
1572 1363 2015 1460 assignasset.
2065 1359 2391 1431 Poterant
2448 1361 2552 1430 illi

351 1481 358 1486 ·
471 1460 759 1536 fortasse
785 1490 918 1538 suo
949 1471 1252 1560 quodam
1281 1468 1382 1536 uti
1414 1469 1561 1557 jure
1606 1467 1683 1535 in
1720 1465 2055 1558 possessis
2098 1487 2139 1532 a
2180 1487 2255 1534 se
2313 1463 2507 1533 terris
2530 1517 2552 1548 ,

471 1585 596 1640 aut
619 1569 858 1642 saltem
883 1569 1016 1640 illis
1045 1593 1220 1663 quas
1247 1568 1490 1638 incolae
1515 1567 1781 1638 barbari
1812 1591 1963 1636 non
1986 1565 2551 1659 occupavissent:

471 1673 597 1740 sed
622 1669 821 1742 fluvii
871 1672 1046 1742 nulli
1076 1681 1398 1764 poterant
1432 1671 1557 1742 toti
1606 1671 1931 1763 occupari
1962 1697 1979 1750 3
2022 1670 2555 1762 nulli.poterant

471 1773 719 1844 incolis
752 1775 980 1871 ignoti
999 1797 1201 1856 esse,
1237 1798 1368 1845 nec
1412 1777 1589 1844 adeo
1626 1773 2029 1844 nominibus
2062 1796 2292 1842 carere
2324 1773 2553 1864 inqui—

471 1875 632 1944 linis
651 1923 672 1957 ,
719 1877 974 1968 quibus
1007 1877 1082 1949 in
1119 1901 1254 1947 usu
1291 1877 1701 1970 quotidiano
1738 1877 2290 1973 designarentur.
2338 1873 2554 1968 Atqui

471 1977 644 2048 nihil
669 1979 874 2072 plane
899 1979 1063 2050 facit
1095 1983 1195 2052 ad
1235 2001 1443 2050 usum
1488 1981 1614 2050 viri
1666 1981 2102 2050 eruditissimi
2144 1977 2403 2048 fluvius
2436 1979 2555 2050 ille

467 2079 968 2174 Palaephateus.
995 2079 1150 2152 Nec
1187 2084 1374 2154 enim
1412 2077 1644 2155 [ἔννοια
1676 2084 1872 2154 illum
1892 2130 1919 2166 ,
1950 2086 2073 2154 sed
2113 2076 2391 2161 Αὔιωνα,
2436 2107 2557 2203 ap-

463 2183 684 2278 pellat
713 2183 1160 2280 Palaephatus.
1196 2187 1433 2284 thue
1462 2211 1723 2258 nomen
1746 2185 1980 2270 fluvii,
2016 2209 2145 2279 pro
2174 2201 2409 2256 mente
2431 2187 2555 2258 viri

471 2286 899 2360 celeberrimi
943 2291 1381 2385 concepisset
1432 2290 1895 2385 Palaephatus3
1964 2289 2137 2359 nihil
2182 2306 2415 2358 tamen
2457 2287 2557 2358 fe*-

471 2392 679 2462 cisset
705 2396 794 2462 ad
815 2393 1034 2476 iliam,
1073 2417 1284 2486 quam
1315 2395 1602 2492 agebat,
1632 2417 1929 2464 causam.
1974 2391 2244 2488 Longe
2276 2392 2465 2462 enim
2514 2417 2559 2461 a

471 2493 712 2566 Cerne
751 2495 1134 2568 Hannonia
1162 2498 1486 2578 distabat,
1512 2516 1591 2568 ut
1620 2497 2081 2579 ostendimus,
2101 2494 2379 2586 Cyrene
2404 2485 2559 2580 illa,

421 2656 425 2663 .
471 2621 686 2691 quam
745 2601 819 2670 in
861 2598 1016 2672 freti
1055 2598 1385 2674 Gaditani
1440 2589 1809 2671 faucibus'
1817 2599 2051 2670 statuit
2104 2597 2554 2692 Palaephatus

472 2700 932 2825 angiusque
983 2707 1206 2775 adhuc
1239 2731 1279 2776 a
1321 2703 1644 2788 Gorillis‚
1682 2726 1855 2796 quas
1900 2703 2131 2795 potius
2178 2699 2556 2830 Gorgones

475 2807 884 2899 existimavit
917 2831 1217 2910 magnus
1254 2809 1575 2879 Vossius.
1627 2807 1785 2876 Erat
1826 2823 2147 2898 praeterea
2188 2797 2383 2874 Αὔνων
2441 2805 2558 2874 ille

471 2941 553 3034 ἴῳ
505 2904 936 3003 Ἀκαρχιάὸιοι,
964 2937 1096 3006 pro
1123 2912 1465 2986 sententia
1480 2909 1863 3004 Palaephati.
1878 2907 2049 2978 Non
2066 2908 2293 3002 potuit
2312 2908 2555 2978 urbem

473 3013 696 3106 ipsam
723 3015 900 3084 hoc
879 3037 952 3084 m
964 3015 1124 3086 loco
1135 3014 1555 3112 intelligere,
1578 3017 1699 3086 sed
1722 3014 2057 3084 ditionem
2073 3014 2555 3080 tantummodo

476 3115 1183 3214 Carthaginiensium.
1236 3118 1473 3188 Potuit
1516 3119 1633 3188 illa
1680 3115 1982 3187 fortassis
2024 3117 2111 3184 ad
2165 3113 2554 3186 Columnas

477 3219 858 3292 Herculeas
875 3222 1279 3317 pertigisse,
1305 3223 1509 3291 rebus
1526 3221 1807 3290 Punicis
1835 3217 2377 3300 florentissimiS,
2410 3241 2555 3309 quo

478 3333 792 3418 tempore
818 3325 996 3392 hanc
1043 3325 1551 3425 expeditionem
1586 3338 1869 3397 testatur
1905 3339 2290 3414 susceptam
2344 3319 2555 3390 fuisse

475 3425 808 3514 Plinius&
858 3425 1010 3495 Imo
1055 3428 1148 3496 ita
1189 3451 1333 3496 rem
1375 3417 1582 3500 firisse
1612 3429 1818 3496 docet
1849 3423 2197 3517 Polybius.
2237 3423 2323 3492 Et
2357 3423 2559 3499 habet

477 3554 628 3601 non
655 3529 874 3650 longe
900 3525 1139 3624 Scylax
1159 3511 1354 3600 fluvii
1377 3538 1641 3600 nomen
1667 3529 2030 3600 Adonidis.
2058 3527 2361 3624 Origine
2395 3528 2557 3619 qui-

476 3636 637 3704 dem
675 3651 746 3704 et
785 3635 1015 3729 ipsum
1048 3630 1250 3726 Syra3
1294 3637 1417 3704 sed
1448 3637 1647 3730 'quod
1707 3634 1877 3706 nihil
1916 3633 2295 3726 quicquam
2346 3623 2553 3702 affine

478 3737 724 3818 habeat
751 3761 912 3807 cum
940 3737 1228 3839 nomine
1253 3735 1652 3831 Hannonis.
1680 3729 2065 3842 Statuitque
2110 3737 2243 3806 hoc
2286 3735 2361 3803 in
2396 3735 2551 3802 loco

565 3871 742 3936 ιΒίίιι.
760 3871 887 3938 Nat.
909 3873 1048 3968 Hist.
1070 3882 1143 3946 v,
1186 3895 1230 3931 ι.
