2809 4642
950 357 1037 410 m
1098 350 1597 410 ΗΑΝΝΟΝΕΜ.
1661 326 1670 337 ’
1849 370 1861 377 -
2074 370 2090 375 -
2172 362 2303 430 105

341 458 565 531 Adeat
604 460 817 533 lector
860 460 1106 531 librum
1152 461 1424 553 ipsum,
1473 462 1672 551 cujus
1708 460 1820 531 vel
1867 480 2315 561 argumento-

236 586 388 631 rum
425 585 764 633 summam
794 566 1033 657 paucis
1065 567 1239 633 adeo
1262 563 1489 633 verbis
1525 587 1768 658 capere
1800 588 1950 633 non
1982 566 2214 647 datur,
2245 581 2318 633 et

235 688 447 757 quem
484 670 807 758 junctura
836 685 903 737 et
928 668 1133 737 series
1167 690 1393 737 rerum
1437 668 1759 737 studiosis
1797 670 2312 737 commendant.

235 866 280 919 S.
322 854 455 913 XX.
494 856 595 915 Hic
621 857 990 927 conciuditur,
1029 872 1087 914 et
1108 855 1405 913 admonitio
1441 856 1511 913 de
1533 856 1872 939 sequentibus
1893 852 2318 917 adnotationibus

1036 930 1311 989 utilissima
1334 931 1506 990 datur

332 1102 556 1173 Nunc
579 1108 664 1173 ad
693 1098 1032 1202 periplu‘m
1057 1105 1283 1198 ipsum
1305 1158 1324 1188 ,
1355 1124 1424 1174 et
1447 1106 1924 1177 adnotationes
1954 1124 2312 1177 transeun-

232 1208 427 1277 dum.
474 1202 607 1276 Sed
646 1210 781 1297 jam
829 1233 1021 1277 nunc
1057 1231 1468 1275 moneamus
1519 1232 1796 1279 necesse
1829 1210 2068 1290 est,·si
2107 1209 2263 1301 quis
2290 1257 2309 1287 ,

226 1309 731 1407 Bougainvillii
761 1312 999 1391 instar,
1040 1307 1648 1405 Carthaginienses
1690 1334 1914 1401 usque
1955 1315 2038 1379 ad
2081 1312 2310 1380 sinum

233 1410 509 1481 Guineae
528 1436 615 1481 ex
642 1413 937 1507 ingenio
970 1410 1277 1479 comitari
1309 1410 1603 1480 voluerit
1629 1459 1647 1491 ,
1685 1412 1969 1481 minime
1996 1414 2170 1480 hanc
2200 1416 2312 1503 hy-

220 1515 585 1607 pothesim
617 1515 1096 1582 adnotationes
1128 1533 1432 1593 nostras,
1479 1513 1618 1583 imo
1638 1514 2113 1583 adnotationes
2147 1515 2314 1585 ullas

216 1618 605 1715 ‘continuas
651 1614 848 1687 ferre.
885 1614 1064 1685 Nam
1107 1616 1253 1685 talis
1292 1618 1534 1709 opinio
1565 1635 1778 1689 totam
1821 1618 2186 1687 verborum
2249 1636 2316 1687 et

220 1744 471 1789 rerum
514 1720 757 1792 seriem
798 1721 873 1789 in
916 1719 1187 1813 periplo
1231 1720 1459 1800 delet,
1515 1721 1826 1813 nihilque
1869 1720 2054 1791 aliud
2110 1744 2318 1816 agere

224 1824 432 1903 sinit,
495 1844 701 1913 quam
754 1823 1018 1915 aliquot
1074 1823 1327 1892 indicia
1377 1825 1894 1916 deprehendere
1945 1848 2098 1915 quae
2151 1847 2310 1892 cum

227 1927 567 1993 hodierna
596 1926 1023 2023 geographia
1057 1924 1391 1995 conferas,
1427 1926 1929 1997 Adnotationes
1959 1927 2171 2023 igitur
2198 1927 2313 1997 ille

229 2029 724 2098 tantummodo
758 2031 985 2109 adeat,
1044 2028 1167 2121 qui
1193 2029 1440 2124 peripli
1468 2031 1689 2100 verbis
1713 2048 1782 2101 et
1814 2031 2080 2099 dierum
2123 2053 2313 2099 com-

229 2130 580 2223 putationi
610 2130 857 2215 fidem„
904 2156 1158 2229 magna
1190 2132 1428 2203 saltem
1457 2158 1542 2203 ex
1578 2152 1768 2229 parte
1789 2183 1810 2219 ‚
1847 2134 2167 2205 adhibere
2195 2136 2314 2201 de-

224 2252 541 2306 creverit.
