2809 4642
457 400 474 407 -
563 378 586 419 a
606 350 650 418 6
835 352 840 364 ’
1083 366 1511 434 DoDwELLI
1568 330 2083 429 nissam-Ano

553 496 702 542 non
733 472 938 541 modo
979 474 1171 563 quod
1205 470 1278 539 in
1328 469 1685 539 occidente
1717 486 2001 565 agerent
2022 519 2040 548 ,
2092 484 2243 559 quae
2282 486 2437 558 pars
2478 484 2617 537 erat
2672 492 2676 497 ·

548 576 738 647 orbi-s
787 574 1160 667 Hesperia
1222 574 1338 642 sed
1383 576 1577 664 quod
1630 571 1925 663 Hesperi
1974 568 2123 639 filiae
2178 568 2614 645 haberentur.

527 676 798 762 Postea
817 675 946 745 alia
978 692 1250 769 recepta
1275 692 1380 743 est
1393 674 1764 756 sententia,
1783 696 1937 765 quae
1960 696 2110 741 non
2126 670 2425 763 Hesperi
2446 668 2618 743 filias

548 780 696 852 illas
717 776 954 851 fecerit
967 826 988 859 ‚
1010 781 1128 849 sed
1143 776 1467 857 Atlanti&
1487 800 1697 870 quem
1714 775 2011 867 Hesperi
2024 757 2297 846 fiatr'em
2313 772 2618 846 fecerant

551 892 788 973 poetae.
805 880 1042 972 Itaque
1061 905 1208 951 non
1223 880 1587 973 deinceps
1566 903 1641 951 m
1654 876 1829 955 freto
1852 876 2238 957 HerculeO,
2264 878 2387 945 sed
2398 899 2619 969 prope

549 1001 858 1061 montem
875 982 1243 1066 Atlantem,
1265 981 1685 1075 Hesperidas
1703 982 2099 1098 quaerendas
2114 978 2559 1047 existimaban
2566 996 2617 1058 t;

547 1108 802 1177 nempe
836 1084 910 1153 in
935 1086 1162 1161 insula
1185 1084 1461 1167 Cerne,
1486 1084 1600 1152 cui
1624 1106 1929 1163 nomen,
1968 1082 2025 1151 si
2054 1082 2243 1151 hunc
2271 1078 2620 1173 periplum
2673 1106 2683 1111 ·
2796 1072 2798 1107 ³

546 1187 863 1258 audimus
879 1238 900 1271 ,
921 1176 1220 1257 Hanno
1201 1209 1350 1280 ipse
1371 1186 1636 1279 primus
1650 1185 1993 1278 imposuit.
2012 1184 2175 1253 Hoc
2196 1206 2335 1280 ego
2350 1204 2616 1253 nomen

545 1313 585 1357 a
609 1287 922 1381 Cyrenes
949 1289 1236 1360 nomine
1262 1306 1617 1359 contracto
1642 1308 1955 1363 manasse
1984 1287 2295 1380 suspicor
2329 1310 2347 1353 ε
2374 1304 2445 1355 et
2466 1286 2620 1377 qui-

543 1394 701 1462 dem
725 1392 820 1459 ita
849 1410 926 1461 ut
975 1390 1246 1483 Cyrene
1282 1389 1433 1484 ipsa
1468 1412 1755 1483 quoque
1794 1389 1959 1469 olim
2006 1386 2214 1458 fuerit
2252 1386 2613 1480 appellata.

539 1492 695 1563 Cur
705 1493 798 1561 ita
821 1496 1093 1563 credam
1114 1492 1274 1565 facit
1293 1490 1681 1585 Stephanus
1695 1494 1709 1522 ¹
1734 1542 1755 1576 ,
1789 1492 1948 1583 qui,
1972 1508 2211 1583 praeter
2228 1486 2617 1582 Cyrenaicae

541 1596 987 1688 metropolin,
1033 1614 1102 1665 et
1127 1595 1453 1665 Iberi-cam
1487 1595 1705 1674 illam,
1741 1594 1829 1661 de
1855 1616 1995 1685 qua
2026 1616 2235 1686 supra
2262 1593 2439 1677 dixi,
2467 1591 2612 1683 Cy-

540 1721 758 1767 renen
787 1747 807 1779 ,
861 1698 1058 1765 aliam
1089 1719 1372 1788 quoque
1407 1695 1723 1791 agnoscit
1750 1696 2246 1790 cognominem
2276 1694 2615 1787 Cyrenen

541 1797 910 1875 Mammas.
961 1798 1174 1867 Erant
1207 1798 1491 1890 quidem
1529 1822 1616 1867 ex
1642 1801 1926 1867 adverso
1964 1796 2282 1867 Massiliae
2328 1793 2614 1865 Gallicae

539 1900 780 1969 insulae
810 1897 1236 1981 Stoechades,
1273 1921 1560 1990 quarum
1607 1900 1893 1969 nomina
1936 1918 2246 1970 recenset
2274 1897 2607 1969 Plinius².

539 2001 626 2069 In
659 2000 761 2071 his
788 2020 1014 2071 tamen
1047 2002 1302 2072 nullam
1331 2024 1611 2094 prorsus
1642 2000 1969 2095 Cyrenen
2002 2027 2019 2069 ε
2055 2025 2185 2070 nec
2215 2024 2301 2071 eo
2325 2002 2609 2095 nomine

533 2104 739 2176 “aliam
767 2103 1057 2173 insulam
1082 2104 1156 2173 in
1184 2103 1300 2172 illa
1333 2104 1869 2175 Massiliensium
1900 2128 2019 2173 ora
2048 2102 2259 2177 ullam
2286 2104 2605 2200 legimus.

540 2203 784 2298 Itaque
817 2230 944 2300 pro
991 2204 1378 2286 Μασσαλίας,
1414 2208 1905 2301 reponendum
1965 2206 2343 2288 Memmius,
2394 2224 2473 2275 ut
2518 2208 2611 2275 de

537 2308 760 2400 Libyae
773 2308 1201 2405 intelligatur
1224 2308 1563 2401 Massylis.
1582 2310 1744 2379 Hoc
1760 2308 1946 2380 enim
1970 2310 2123 2401 ipso
2142 2308 2605 2401 Hesperidum

536 2412 833 2503 temp10,
853 2412 1071 2487 monti
1085 2410 1340 2481 Atlanti
1354 2408 1650 2482 finitimo
1667 2462 1685 2491 ,
1705 2430 1774 2480 et
1787 2410 2151 2503 AEthiopiae
2172 2410 2607 2494 occidentali,

535 2511 849 2605 Massylae
883 2512 1112 2611 gentis
1145 2515 1565 2587 sacerdotem
1594 2514 2005 2583 ministrasse
2034 2514 2221 2583 testis
2256 2529 2363 2583 est
2382 2510 2611 2609 Virgi-

533 2612 734 2686 lius³.
789 2616 998 2686 Unde
1027 2638 1238 2714 erge,
1279 2616 1590 2709 inquies,
1626 2639 1893 2685 nomen
1926 2614 2241 2685 Cernes!
2283 2613 2437 2711 Ego
2465 2614 2603 2683 illis

417 2802 421 2805 ‚
533 2718 853 2842 gradibus
889 2718 1096 2788 fitisse
1132 2719 1479 2811 suspicor,
1510 2737 1591 2789 ut
1618 2720 1691 2788 in
1720 2712 1945 2816 Κόρνων
1986 2732 2337 2788 contracta
2394 2714 2609 2787 fuerit

533 2814 816 2919 Κυςῦνυ,
869 2838 1016 2889 tum
1054 2820 1306 2891 deinde
1349 2844 1389 2889 e
1436 2819 1669 2913 Cyrne
1708 2819 1991 2890 Cernen
2028 2816 2315 2892 fecerint
2356 2840 2606 2887 recen-

513 2922 761 3009 tiores.
791 2922 1044 2993 Prioris
1071 2923 1240 2991 ratio
1269 2940 1413 2992 erat
1439 2920 1790 3005 facillima,
1816 2946 1871 2990 si
1853 2923 2120 2991 sedem
2139 2920 2605 3013 Hesperidum

532 3004 1093 3119 Gorgonumque
1115 3048 1156 3092 a
1181 3023 1457 3117 Cyrene
1488 3024 1913 3117 Cyrenaica
1891 3047 1967 3093 m
1998 3022 2355 3094 Corsicam
2386 3039 2606 3093 trans-

532 3126 807 3198 tulerint
823 3128 1127 3219 juniores
1144 3152 1163 3207 ;
1189 3150 1444 3221 nempe
1457 3128 2195 3223 propterpraedationes
2203 3136 2392 3217 quas
2419 3125 2604 3219 inter

530 3224 775 3307 Sardos
815 3248 884 3299 et
924 3226 1294 3326 Gorgonas
1316 3228 1645 3301 Perseum
1679 3229 1821 3299 vult
1856 3226 2098 3298 fecisse
2129 3227 2600 3319 Palaephatu5;

485 3348 487 3355 ·
532 3348 676 3401 erat
704 3332 888 3401 enim
913 3331 1201 3419 Corsica
1222 3333 1298 3401 in
1327 3336 1493 3403 mari
1519 3330 1810 3416 Sard00,
1850 3348 1918 3399 et
1942 3329 2257 3411 Sardinia:
2282 3329 2411 3422 ipsi
2434 3352 2604 3421 pro-

452 3431 461 3479 ’-
527 3426 814 3527 pinqua3
829 3450 896 3505 et
905 3431 1155 3504 Graecis
1166 3426 1372 3531 Κύρνος
1384 3434 1870 3529 appellabatur,
1883 3455 2037 3525 quae
2048 3432 2299 3501 Latinis
2310 3428 2605 3513 Corsica

424 3582 438 3595 ,
517 3536 870 3607 audiebat.
903 3537 1116 3622 Quod
1141 3538 1198 3606 si
1225 3539 1380 3629 quis
1410 3538 1754 3608 duriorem
1779 3553 1979 3630 putet
2009 3536 2187 3604 hanc
2209 3532 2603 3603 translatio-

529 3661 726 3723 nem,
749 3640 1005 3733 poterit
1020 3640 1220 3710 etiam
1251 3637 1561 3730 Cyrene,
1586 3640 1887 3735 AEgypto
1911 3638 2298 3731 propinqua
2325 3633 2603 3727 Cyme,

503 3797 514 3808 “
612 3800 843 3877 ·.Steph
870 3815 974 3862 xm·
1029 3828 1103 3841 --
1145 3798 1324 3862 ²Plin.
1352 3800 1481 3862 Nat.
1508 3800 1645 3861 Hist.
1664 3814 1751 3870 ιιι,
1778 3817 1829 3874 ς,
1857 3796 1952 3857 fin.
1990 3830 2063 3845 -
2122 3799 2141 3837 ³
2166 3796 2326 3874 Virg
2354 3796 2570 3857 AEnJv

529 3894 580 3929 v.
591 3862 745 3947 481,
770 3872 910 3947 482,
930 3871 1272 3949 483,484.
