2809 4642
931 363 1036 415 ET
1099 358 1776 417 PRAEFAUONES.
2334 370 2421 415 xv

237 470 540 555 tulabor,
597 470 854 563 quod
901 466 1180 537 salutem
1229 484 1300 535 et
1345 465 1897 537 incolumitatem
1966 448 2421 558 scriptoribus

243 576 382 643 istis
407 574 711 645 adferre
755 573 1072 656 licuerit,
1109 573 1228 665 qui
1265 596 1305 641 e
1341 572 1441 641 rei
1476 569 1783 642 literariae
1810 567 2183 665 naufragio
2216 574 2421 662 quasi

244 696 706 749 emerserunt
753 703 776 757 ;
822 679 1162 769 quodque
1195 674 1404 746 simul
1442 674 1673 744 oblata
1707 672 1872 743 mihi
1898 671 2107 743 fuerit
2140 676 2417 745 occasio

241 782 455 875 palam
497 782 900 854 omnibus
935 780 1270 860 testandi,
1311 767 1685 873 patrorruin
1716 778 1885 847 mihi
1919 778 2309 875 contigisse.
2334 780 2417 849 ii-

242 887 394 955 teris
432 884 964 957 instaurandis
998 903 1238 954 natum
1264 936 1284 967 ,
1327 882 1425 953 illi
1446 906 1614 953 vero
1650 905 2120 953 successorem
2157 882 2417 955 instau-

241 991 394 1061 ratis
440 992 764 1061 tuendis
815 989 1315 1085 ,augendisque
1368 988 1579 1058 unice
1614 1002 2114 1079 comparatum.
2158 986 2165 1002 ¹
2232 1041 2239 1051 .

938 1208 944 1213 ,
1047 1139 1496 1227 Amplitudinis
1521 1156 1644 1202 tuae
1666 1122 2319 1203 cultui-‘devotissimus

1632 1268 1761 1369 Jo.
1806 1268 2185 1343 Hunson.

822 1634 1071 1697 Lectori
1119 1634 1237 1697 ιο.
1278 1634 1605 1698 Hunson
1648 1630 1727 1733 5·
1768 1585 1861 1695 D,

361 1840 480 1910 EN
507 1840 640 1909 tibi
660 1892 682 1923 ,
721 1841 961 1907 lector
981 1888 999 1919 ,
1029 1836 1437 1931 particulam
1464 1837 1695 1929 operis
1732 1836 1927 1904 istius
1946 1886 1965 1919 ,
2004 1839 2204 1928 quod
2227 1862 2413 1908 non-
2514 1888 2521 1909 .

255 1945 529 2026 nulli,
508 1968 588 2013 m
624 1943 866 2014 veteri
903 1942 1334 2038 geographia
1359 1940 1938 2023 exercitatissimi,
1966 1942 2104 2031 jam
2138 1942 2410 2033 pridem

251 2048 559 2139 polliciti
601 2065 848 2118 sunt·
889 2046 1190 2141 negotiis
1226 2063 1460 2113 tamen
1503 2044 1648 2113 aliis
1680 2043 1793 2113 vel
1825 2042 1967 2112 fato
2018 2047 2409 2138 praepediti,

257 2152 430 2220 voti
439 2176 590 2220 nos
619 2165 1002 2243 compotes
1039 2172 1187 2217 non
1211 2146 1546 2217 fecerunt.
1583 2145 1877 2216 Utinam
1912 2166 2033 2216 aut
2063 2147 2161 2217 illi
2195 2146 2411 2219 fidem

253 2254 738 2338 liberassent,
765 2273 851 2323 ut
880 2253 1136 2344 majori
1145 2275 1309 2327 cum
1337 2250 1568 2321 fluctu
1594 2269 1663 2320 et
1682 2248 2047 2345 voluptate
2069 2250 2414 2323 rarissima

249 2357 404 2427 haec
439 2359 904 2451 antiquitatis
940 2373 1401 2426 monumenta
1428 2356 1823 2450 perlegeres
1852 2379 1869 2435 ;
1899 2359 2017 2425 aut
2038 2356 2207 2424 mihi
2238 2381 2411 2449 quo-

254 2480 416 2551 quo
448 2464 688 2531 modo
729 2454 1038 2533 licuisset
1085 2462 1369 2529 schedas
1410 2482 1652 2529 eorum
1712 2460 1932 2528 oculis
1979 2482 2357 2553 usurpasse
2384 2507 2409 2543 ,

247 2583 338 2633 ut
383 2564 669 2633 minori
703 2564 948 2634 saltem
995 2588 1156 2633 cum
1212 2562 1412 2633 taedio
1462 2563 1916 2657 processisset
1954 2565 2093 2632 haec
2119 2611 2139 2646 ,
2194 2584 2413 2655 quam

249 2670 600 2761 suscepi,
635 2665 1230 2787 Geographorum
1251 2690 1633 2764 graecorum
1659 2666 1914 2735 editio!
1958 2666 2221 2735 Verum
2244 2692 2411 2741 cum

243 2774 347 2842 ita
370 2768 672 2841 factum
717 2774 850 2855 sit,
895 2790 972 2841 ut
1012 2771 1144 2853 illi,
1178 2770 1303 2862 qui
1337 2774 1425 2840 ad
1471 2770 1658 2838 hoc
1638 2772 1938 2890 mgenio
1976 2768 2329 2841 valebant
2341 2792 2413 2843 et

237 2877 731 2972 eruditione,
761 2876 1136 2970 ‘promissis
1166 2900 1316 2945 non
1347 2872 1706 2955 steterint3
1751 2897 1885 2943 nec
1918 2874 2093 2967 ip'se
2102 2870 2407 2946 au'ctdri-

247 2998 408 3048 tate
466 2998 927 3049 summorum
971 2981 1278 3049 virorum
1320 3030 1339 3061 ,
1407 3002 1591 3071 quos
1638 2977 1853 3047 literis
1910 2979 2351 3073 interpellavi
2366 3017 2407 3065 .,’

249 3084 605 3153 nancisci
657 3083 1006 3176 potuerim
1078 3082 1436 3153 Holste'nii
1498 3080 2073 3167 lucubrationes,
2140 3096 2281 3152 aut·
2312 3079 2408 3155 Is.

243 3186 519 3257 Vossii
567 3189 1148 3258 commentarium
1168 3239 1188 3270 ,
1250 3210 1396 3280 quo
1444 3185 1882 3255 Hannonem
1934 3206 2007 3257 et
2052 3184 2412 3280 Scylacem

248 3286 510 3362 fertur
525 3286 938 3372 illustrasse,
971 3288 1320 3384 reliquum
1343 3308 1531 3375 erat,
1569 3290 1649 3359 ut
1666 3340 1687 3373 ,
1718 3291 1871 3359 sine
1893 3290 2015 3361 illo
2046 3311 2409 3385 apparatu,

250 3397 340 3464 iis
380 3394 685 3479 solum,
715 3390 877 3489 ‚q'uae
916 3388 1006 3465 ad
1039 3418 1321 3465 manum
1353 3392 1585 3475 fliete,
1626 3393 1959 3488 praesidiis
1990 3396 2405 3483 instructus,
2504 3396 2517 3422 ¹

253 3492 554 3592 Spartae
581 3499 744 3567 huic
779 3502 1110 3569 ornandae
1143 3517 1398 3570 memet
1433 3497 1895 3595 accingerem.

373 3602 664 3672 Amicis
700 3603 858 3685 ideo
893 3604 968 3675 in
1001 3596 1758 3685 consilium'adhibitis,
1796 3603 2201 3697 scriniisque
2236 3606 2409 3674 meis

257 3706 602 3777 excussis
624 3758 646 3791 ‚
678 3708 1024 3801 optimum
1058 3709 1228 3777 duxi
1264 3706 1687 3801 (postquam
1716 3730 1901 3799 opus
1935 3708 2012 3776 in
2050 3707 2179 3775 tria
2210 3708 2412 3779 volu-

263 3813 479 3879 mina
531 3812 764 3901 partiri
795 3810 1270 3905 decreveram)
1316 3810 1635 3906 Περίωλων
1672 3826 1993 3879 auctores
2021 3812 2407 3904 praecipuos

262 3916 338 3984 in
395 3916 564 3986 hoc
583 3914 879 4007 primum
915 3916 1292 4011 conjicere.
1339 3916 1562 4001 Quod
1596 3914 1883 4014 quidem
1905 3963 1927 3999 ,
1953 3913 2235 4005 publice
2268 3910 2410 3984 fide
