2809 4642
436 342 582 407 228
614 347 619 350 ’
1045 287 1420 404 sennem,
1478 349 1945 405 Emi-lomes,

432 455 763 536 subjuncto
778 454 1098 536 Anonymi
1118 451 1350 536 periplo
1367 448 1690 518 Maeotidis
1711 449 1964 514 Paludis
1982 466 2043 514 et
2067 448 2258 513 Ponti
2274 451 2536 526 Euxini,

480 561 619 603 uem
656 561 691 601 a
722 535 1021 601 Salmasio
1046 555 1363 622 acceperat
1388 538 1526 618 (1).
1556 539 1657 598 cui
1685 540 1872 599 etiam
1908 533 2134 598 librum
2164 535 2398 600 dicavit
2421 535 2537 618 (2).

432 564 539 688 ffta
567 627 722 688 enim
744 645 866 710 par
896 639 1051 699 erat,
1092 625 1323 708 inquit,
1362 639 1432 684 ut
1449 623 1738 708 primitiae
1765 626 2030 706 juventa?
2057 637 2271 684 nostroe
2297 624 2500 708 primo
2513 669 2538 700 ,

433 713 487 772 si
525 711 793 797 pateris,
860 710 1113 772 virorum
1152 709 1426 770 cederent.
1477 706 1646 770 Loca
1692 705 1981 790 quaedam
2023 703 2294 788 Scylacis
2337 706 2416 770 ab
2459 727 2534 770 eo

430 815 705 879 tempore
731 792 1087 868 illustravit,
1126 813 1204 854 ne
1232 789 1389 856 Phil.
1416 790 1782 854 Cluverium
1798 838 1819 868 ,
1854 791 2227 865 Meursium,
2261 791 2540 854 Bochar-

430 899 600 953 tum,
624 877 1023 941 Hoistenium
1042 923 1060 952 ‚
1086 874 1458 938 Salmasium
1477 876 1755 960 aliosque
1779 897 2041 960 paucos,
2061 879 2172 960 qui
2195 875 2316 940 hoc
2340 877 2542 940 obiter

433 967 498 1026 in
523 967 767 1046 scriptis
808 966 927 1023 suis
971 959 1286 1037 fecerunt,
1330 967 1454 1040 jam
1485 983 1856 1038 memorem,
1900 961 2539 1026 JacobusPalmerius

428 1045 979 1127 Grentesmenilius
1006 1051 1069 1108 in
1094 1045 1660 1110 Exercitationibus
1690 1043 1772 1108 ad
1796 1050 2062 1129 optimos
2084 1063 2366 1110 auctores
2392 1069 2541 1130 grae·

430 1157 535 1196 cos
556 1179 572 1208 ,
596 1130 794 1216 Lugd.
820 1131 1033 1194 Batav.
1060 1129 1253 1214 1648„
1278 1135 1470 1210 ἰῐιοιί.θ
1488 1179 1506 1209 ,
1534 1153 1671 1216 pag.
1694 1128 1816 1192 268
1843 1166 1876 1179 -
1897 1129 2056 1206 282,
2098 1148 2162 1194 et
2189 1135 2441 1216 sparsim
2474 1138 2541 1195 in

430 1217 673 1283 Graecia
699 1221 971 1300 antiqua.
1016 1213 1123 1304 De
1144 1215 1264 1278 hoc
1290 1215 1536 1279 Isaacus
1570 1215 1817 1280 Vossius
1847 1213 1927 1277 ad
1957 1215 2282 1279 Catullum
2305 1239 2364 1302 p.
2389 1237 2539 1301 257.

403 1303 693 1368 ‘Multus
720 1319 804 1366 est
838 1303 900 1364 in
940 1302 1049 1366 hoc
1078 1299 1338 1387 Scylaeis
1363 1300 1488 1364 'loco
1521 1303 1613 1364 vir
1638 1302 1842 1364 doctus
1867 1299 2132 1364 Jacobus
2159 1300 2501 1388 Palmerius
2513 1351 2540 1382 ,

430 1389 531 1451 ubi
561 1392 784 1452 exsutit
815 1387 1385 1463 observatiunculas‘,
1430 1409 1579 1471 quas
1599 1387 1770 1472 pueri
1799 1386 1942 1449 olim
1970 1387 2293 1464 edidimus,
2335 1391 2443 1452 sed
2477 1404 2547 1451 ut

430 1475 539 1537 hoc
552 1522 575 1551 ,
618 1477 713 1538 'ita
749 1496 975 1560 quoque
1005 1473 1203 1536 ceteris
1243 1473 1308 1534 in
1361 1472 1506 1535 Iocis
1533 1469 1870 1549 feliciorem
1915 1473 2216 1535 instituere
2235 1477 2547 1558 potuisset

430 1582 751 1623 censuram.
795 1559 899 1621 Ab
940 1578 1015 1620 eo
1054 1575 1328 1640 tempore
1370 1555 1636 1624 ,Iacobus
1674 1556 2014 1620 Gronovius
2045 1553 2245 1620 edidit
2276 1557 2539 1640 geograss

426 1645 609 1728 phica
642 1647 894 1728 antiqua
923 1641 1124 1724 Lugd.
1158 1642 1374 1704 Batav.
1427 1641 1608 1727 1697,
1639 1643 1868 1720 ἱππ-40,
1920 1646 1982 1703 in
2020 1641 2243 1726 quibus
2281 1642 2540 1726 Scylax,

430 1729 674 1804 V-ossi'i,
711 1729 1001 1791 Palmerii
1029 1744 1091 1790 et
1120 1725 1430 1808 Gronovii
1468 1731 1652 1810 ipsius
1682 1729 1842 1790 notis
1878 1723 2208 1792 illustratus
2245 1745 2306 1790 et
2330 1749 2538 1790 emen-

431 1813 609 1878 datus
626 1861 643 1888 ,
665 1817 1053 1896 praemittitur
1074 1813 1398 1895 Anonymi
1424 1809 1668 1895 Periplo
1685 1856 1703 1885 ‚
1720 1806 2207 1894 Agathemeri‘H
2295 1818 2537 1898 otyposi

432 1897 813 1984 geographiae
830 1915 890 1959 et
904 1898 1296 1982 Expositioni
1323 1895 1540 1959 mundi
1556 1943 1575 1974 ,
1600 1918 1636 1958 a
1656 1895 1692 1959 J
1699 1895 1898 1960 acobo
1917 1893 2222 1960 Gothofre
2271 1923 2312 1962 o
2337 1897 2534 1963 editae.

518 1984 845 2066 Inscriptio
879 1982 1005 2056 haec
1034 2001 1163 2046 est:
1882 1997 1889 2007 ·
2539 1993 2548 2000 ”

520 2067 934 2156 Geograp'hica
969 2070 1255 2152 antiqua,
1286 2067 1355 2130 'h.
1388 2090 1442 2130 e.
1467 2067 1727 2156 Scylacis
1745 2066 2014 2154 periplus
2050 2071 2236 2132 maris
2268 2073 2538 2134 mediter-

431 2157 613 2218 ranei.
656 2154 959 2236 Anonymi
997 2152 1273 2238 Periplus
1310 2152 1629 2216 Maeotidis
1663 2171 1726 2216 et
1759 2152 1942 2214 Ponti
1977 2151 2234 2218 Euxini.
2269 2149 2540 2242 Agathe-¹

432 2232 574 2302 m'eri
606 2237 1029 2323 Hypotyposis
1056 2237 1457 2322 geographiae.
1485 2237 1738 2302 ‚Omnia
1763 2237 2208 2322 graeco-latina.
2235 2242 2416 2305 Anon
2451 2243 2540 2302 mi

432 2328 737 2408 expositio
772 2327 965 2385 totius
999 2323 1253 2398 mundi',
1284 2323 1494 2385 latina.
1527 2321 1698 2384 Cum
1733 2326 1894 2385 notis
1934 2322 2014 2385 Is.
2043 2319 2368 2401 Vossii,.l.
2447 2325 2538 2387 al-

430 2414 608 2474 merii
624 2455 644 2486 ,
684 2407 751 2470 S.
778 2405 1080 2470 Tennulii
1113 2427 1173 2471 et
1200 2405 1996 2471 emendationibus-lambi
2031 2408 2343 2474 Gronovii.
2377 2407 2544 2494 Lug-

429 2494 582 2556 duni
617 2493 753 2555 Bat.
791 2489 967 2577 1697,
1001 2496 1191 2572 in-4.⁰
1242 2491 1446 2571 Hujus
1485 2490 1778 2555 editionis
1813 2489 2102 2578 quaedam
2136 2495 2538 2580 exemplaria,

430 2583 496 2640 in
538 2577 661 2640 fine
708 2595 923 2653 aucta,
986 2599 1211 2642 novam
1262 2595 1633 2661 acceperunt
1671 2582 1735 2652 in
1783 2575 1986 2640 fronte
2032 2582 2536 2664 inscriptionem,

428 2681 504 2724 ut
530 2683 673 2728 mox
702 2661 1068 2726 videbimus.
1096 2663 1394 2726 Hudsoni
1429 2667 1596 2725 enim
1634 2683 1780 2724 cura
1805 2662 2012 2746 paullo
2046 2681 2185 2748 post
2209 2665 2411 2728 lucem
2441 2669 2539 2729 vi-

430 2747 657 2812 derunt
686 2751 900 2831 saepius
930 2754 1055 2829 jam
1086 2751 1429 2810 memorati.

519 2831 913 2921 Geograpbiae
954 2835 1155 2896 veteris
1198 2833 1503 2917 scriptores
1520 2863 1548 2908 ,·
1594 2854 1729 2895 cum
1777 2833 2253 2919 interpretatione
2295 2835 2490 2900 latina
2512 2885 2538 2914 ‚

423 2917 930 2982 dissertationibus
952 2933 1007 2981 et
1027 2916 1542 2993 annotationibus.
1565 2917 1690 2980 vol.
1707 2915 1771 2993 13
1799 2917 2094 2997 Oxoniae,
2125 2913 2284 3006 1698
2302 2967 2324 2998 ‚
2345 2920 2541 2984 in-8.0

518 3001 591 3065 In
624 3003 715 3066 his
744 3001 1006 3088 Scylacis
1041 3000 1314 3085 Periplus
1331 3047 1351 3076 ,
1384 3021 1580 3084 graece
1615 3025 1760 3064 cum
1787 3005 2068 3067 versione
2097 3003 2296 3068 Isaaci
2337 3005 2541 3070 Vossii

424 3087 654 3162 latina,
689 3087 897 3151 locum
916 3085 1187 3166 obtinuit
1212 3085 1574 3151 secundum.
1606 3085 1842 3151 Textui
1866 3087 2156 3169 subjectae
2185 3109 2329 3152 sunt
2353 3095 2540 3154 variae

420 3173 719 3237 lectiones
760 3190 821 3236 et
860 3176 1263 3250 conjecturae,
1305 3176 1638 3236 maximam
1672 3189 1908 3257 partem
1949 3193 1985 3236 e
2023 3172 2231 3239 Vossii
2268 3193 2338 3248 et,
2365 3175 2538 3239 Gro-

422 3262 597 3322 novii
633 3255 1013 3320 editionibus
1044 3274 1277 3318 sumtae.
1321 3257 1512 3319 Notae
1554 3255 1843 3321 Palmerii
1865 3303 1886 3336 ,
1923 3257 2190 3323 Berkelii
2221 3307 2242 3336 ,
2283 3256 2486 3323 Vossii
2521 3307 2546 3338 ,

419 3341 757 3417 Gronovii‚
776 3363 917 3404 cum
932 3345 1144 3424 paucis
1165 3340 1456 3404 Hudsoni
1475 3389 1495 3417 ‚
1517 3341 1776 3422 adjectae
1799 3361 1942 3406 sunt
1967 3348 2028 3406 in
2057 3345 2226 3409 calce
2251 3367 2312 3430 p.
2337 3344 2538 3425 7-62.

508 3429 595 3492 At
619 3426 977 3491 Gronovius
1006 3448 1161 3510 aegre
1185 3427 1357 3502 tulit,
1396 3422 1589 3511 quum
1622 3430 1768 3490 istos
1803 3445 2082 3493 auctores
2119 3447 2246 3492 tam
2286 3443 2566 3516 repente·

417 3535 661 3584 ‚recusos
696 3533 958 3597 suasque
985 3531 1189 3586 notas,
1212 3516 1482 3594 integras
1518 3511 1774 3596 quidem
1798 3512 1879 3576 ad
1907 3536 2248 3591 summam,
2287 3516 2394 3578 sed
2417 3538 2534 3600 pro

498 3633 505 3640 .
1795 3621 1802 3628 ·
1836 3611 1843 3640 )
2269 3625 2274 3632 ·

494 3692 569 3764 (ι)
610 3690 737 3746 Vid.
766 3689 1200 3758 casaubonum.
1228 3710 1347 3769 pag.
1378 3714 1407 3748 π.
1438 3706 1492 3748 et
1515 3713 1644 3748 200.
1675 3691 1864 3749 Heum.

486 3767 541 3842 (2
602 3766 663 3823 In
685 3765 819 3825 bibi.
840 3766 1083 3825 Leidens.
1118 3765 1370 3844 (catalog.
1398 3769 1524 3846 pag.⁸
1546 3789 1644 3825 201
1665 3811 1680 3833 ‚
1703 3773 1792 3827 n.⁰'
1811 3772 1920 3828 602
1940 3769 1985 3844 )‚
2016 3785 2095 3830 eet
2109 3769 2534 3850 exemplarem

409 3843 472 3898 Is.
560 3862 655 3902 oss.
686 3857 797 3900 not.
824 3847 1011 3902 msstis.
1030 3842 1259 3924 ,Harles.⁴
1871 3861 1876 3866 ·
