2809 4642
407 346 431 388 1
457 318 549 411 56
1118 338 1289 393 JAc.
1346 298 1756 394 GR'oNovn

392 434 729 498 luminibus
754 434 999 499 urbium
1022 456 1129 501 aut
1142 444 1522 525 privatorum
1537 436 1941 501 aedificiorum
1957 436 2338 519 distinguere
2355 456 2500 519 pro-

390 520 707 605 perabant.
745 519 991 586 Placuit
1016 545 1329 589 recensere
1362 526 1785 608 promontoria
1819 526 2006 585 trium
2034 523 2505 585 continentium

382 608 459 667 in
497 604 565 667 id
600 610 1005 685 incurrentia,
1057 610 1451 673 circumflexa
1484 609 1587 671 hic
1623 606 1889 669 molliter
1910 652 1930 682 ,
1965 606 2055 669 ibi
2091 606 2506 691 periculosius

390 692 694 767 immissa,
719 691 819 755 vel
838 695 1004 755 sinus
1026 692 1217 757 modo
1242 716 1497 777 pronos,
1523 690 1712 755 modo
1735 692 1858 754 leni
1881 690 2158 768 anfractu
2184 694 2508 753 incurvos.

385 772 527 837 'Sed
564 780 895 859 praesertim
928 794 997 840 ut
1040 782 1154 863 ipsi
1198 776 1688 843 circumferentes
1735 776 2082 851 Graeciam,
2131 780 2261 853 ejus
2311 794 2508 837 orna-

392 874 606 922 menta
656 859 952 945 paulatim
982 862 1213 946 ubique
1252 862 1506 947 figerent
1531 908 1550 937 ,
1593 884 1668 924 ac
1703 870 2001 924 ΠΟΛΕΙΣ
2035 868 2508 922 ΕΛΛΗΝΙΔΑΣ

388 964 532 1019 ιτοιιΙ
562 947 627 1005 in
662 946 912 1029 Europa
946 963 1221 1022 tantum,
1262 945 1368 1009 sed
1393 947 1544 1009 Asia
1569 968 1818 1029 quoque
1845 963 1906 1007 et
1942 944 2157 1007 Africa
2183 942 2505 1007 audirent.

400 1024 585 1104 Quid
629 1028 863 1092 multa}
900 1034 1028 1094 imo
1072 1045 1143 1094 ut
1185 1030 1616 1114 geographiam
1663 1033 2046 1113 potissimum
2093 1028 2404 1091 discerent
2429 1049 2512 1091 ex

395 1114 584 1186 mari,
623 1128 915 1197 tanquam
948 1114 1314 1198 proverbiali
1342 1134 1403 1178 et
1435 1113 1710 1178 veridica
1729 1113 2043 1177 locutione
2075 1118 2378 1193 jactantes
2417 1108 2510 1174 miv

396 1196 675 1257 θάλασσαν
720 1196 1062 1277 μωγρριφεῒν
1101 1196 1171 1259 πὶ
1204 1198 1405 1265 meisa..

476 1278 651 1342 Hine
688 1298 781 1343 tot
820 1282 1059 1345 libellos
1108 1282 1731 1368 singulari‘periplcon
1773 1282 2182 1366 appellatione
2227 1284 2518 1363 insignes·

396 1362 716 1449 quondam
753 1369 911 1427 inter
952 1372 1191 1431 curiosa
1229 1367 1573 1431 studiorum
1613 1372 2016 1429 instrumenta
2061 1369 2340 1449 exposuit
2390 1386 2510 1425 su-

396 1447 597 1533 pellex
645 1468 838 1533 graeca
869 1498 887 1529 ,
938 1475 1203 1537 quorum
1248 1450 1403 1513 nihil
1449 1451 1530 1513 ad
1584 1474 1695 1513 nos
1741 1456 1858 1513 nisi
1904 1450 2035 1512 sola
2087 1454 2214 1535 ipsa
2255 1472 2380 1511 vox
2433 1468 2506 1512 et
2559 1464 2571 1481 ⁴

396 1550 721 1595 auctorum
774 1540 1027 1599 nomina
1070 1542 1383 1600 et-tenuia
1432 1536 1772 1620 fragmenta
1808 1539 2105 1619 pervenit.
2163 1535 2513 1617 Menippos

397 1617 549 1680 velis
574 1639 651 1681 an
694 1620 933 1683 Leones
976 1622 1074 1685 vel
1102 1619 1510 1705 Apollonidas
1544 1621 1641 1703 vel
1669 1620 1730 1682 N
1738 1619 2150 1704 ymphodoros
2183 1638 2245 1681 et
2273 1618 2516 1680 multos

402 1701 557 1764 alios
608 1727 944 1769 numerare.
993 1707 1223 1790 Neque
1270 1711 1437 1766 enim
1482 1703 1580 1770 vel
1627 1728 1787 1767 unus
1838 1705 1936 1766 vel
1981 1708 2163 1787 pauci
2210 1701 2520 1778 fuerunt,

399 1809 595 1870 quum
634 1806 715 1863 et,
733 1793 929 1874 ipsum
962 1808 1197 1875 tempus
1231 1795 1401 1854 varia
1437 1788 1752 1872 proderet,
1795 1810 1908 1851 nec
1944 1792 2208 1852 attentio
2247 1792 2516 1850 univer-

398 1892 608 1933 sorum
662 1872 743 1935 ad
800 1872 1062 1938 eandem
1117 1898 1243 1939 rem
1299 1897 1359 1938 se
1415 1873 1777 1937 adverteret.
1831 1874 2065 1937 Verum
2115 1890 2519 1935 evanuerunt

401 1976 654 2033 omnes,
697 1958 757 2021 et
801 1982 927 2021 non
963 1963 1137 2044 quasi
1163 1964 1229 2021 in
1258 1958 1558 2043 Seriphias
1588 1958 1756 2021 exilii
1787 1962 2092 2041 angustias
2127 1975 2189 2019 et
2223 1978 2538 2041 pressum.

402 2039 587 2103 turba
626 2048 971 2106 aestuarium
1008 2048 1173 2105 missi
1217 2042 1563 2117 latitarent,
1606 2040 1713 2104 sed
1758 2040 2014 2127 scopulo
2053 2045 2312 2124 impacti·
2354 2042 2526 2103 sub-

404 2130 711 2209 mersique
734 2126 1021 2203 fuissent,
1060 2133 1149 2191 ita
1184 2128 1517 2191 obscurum
1543 2126 1720 2189 illum
1748 2145 1989 2193 aeternae
2025 2129 2322 2209 perniciei
2360 2124 2522 2187 fun-

410 2208 561 2271 dum
584 2216 951 2295 petiverunt.
984 2212 1151 2289 Quae
1184 2216 1528 2296 speciminis
1561 2216 1750 2273 instar
1787 2233 1912 2282 nos,
1929 2211 2233 2285 solantur,
2262 2214 2522 2293 exiguae

404 2313 550 2358 sunt
590 2314 817 2380 partes,
852 2302 915 2359 in
946 2318 1096 2380 quas
1131 2300 1390 2381 inspexit
1433 2295 1749 2381 quondam
1781 2296 2112 2362 Arrianus,
2153 2316 2240 2358 eae
2284 2317 2365 2359 ue
2411 2296 2526 2359 vel

407 2384 474 2441 in
505 2386 787 2444 extremis
812 2380 893 2445 ad
914 2382 1165 2445 boream
1193 2380 1523 2445 recessibus
1549 2380 1648 2443 vel
1681 2402 1920 2463 prorsus
1953 2391 2120 2443 extra
2145 2319 2524 2463 mediterra-

406 2484 595 2528 neum
632 2486 819 2529 mare.
860 2466 1063 2545 Hujus
1096 2470 1385 2529 circuitus
1424 2488 1618 2549 quum
1654 2469 1718 2527 in
1758 2468 1928 2547 terris
1966 2463 2150 2527 fuerit
2189 2463 2362 2526 velut
2403 2469 2526 2527 via

368 2548 692 2633 'quaedam
736 2551 981 2625 lactea,
1031 2568 1093 2613 et
1138 2555 1474 2623 innumeris
1526 2553 1957 2633 immensisque
2008 2549 2160 2611 olim
2210 2546 2530 2611 effulserit

406 2631 863 2709 sideribus„id
905 2656 1051 2698 vero
1082 2654 1216 2713 est,
1262 2634 1435 2719 quod
1477 2656 1590 2718 ego
1627 2632 2064 2704 iucundissime
2111 2636 2341 2695 circare
2364 2677 2384 2708 ,
2453 2651 2538 2696 et·
2585 2642 2602 2655 ‘

408 2717 591 2779 simul
625 2733 970 2801 peragrare,
1006 2720 1198 2783 soleo.
1238 2718 1344 2781 Ad
1394 2740 1579 2803 quam
1620 2738 1746 2780 rem
1775 2741 1968 2801 quum
1999 2715 2198 2799 nullus
2237 2716 2531 2800 adspiret

408 2798 563 2863 mihi
612 2802 771 2865 adeo
823 2824 1133 2866 amoenam
1173 2810 1381 2864 auram
1406 2848 1425 2877 ,
1467 2802 1670 2864 nullus
1705 2806 1864 2864 inter
1900 2826 2072 2886 rupes
2109 2818 2170 2863 et
2207 2815 2535 2884 promon-

406 2889 567 2947 toria
598 2904 659 2948 et
700 2886 863 2949 vada
890 2905 1018 2950 tam
1056 2886 1321 2949 molliter
1356 2907 1456 2948 me
1490 2886 1759 2949 deducat
1787 2908 1974 2970 quam
2018 2886 2244 2967 Scylax
2268 2932 2286 2961 ,
2331 2906 2534 2971 potes

302 3036 316 3041 ,
410 2974 633 3053 opinor
668 2970 985 3054 colligere,
1022 2975 1117 3035 vir
1144 2971 1510 3053 amplissime
1533 3014 1552 3045 ,
1603 2971 1778 3033 illum
1807 2976 1872 3033 in
1896 2971 2136 3047 deliciis
2175 2974 2326 3038 mihi
2361 2988 2534 3055 prae-

412 3058 591 3137 cipue
622 3052 821 3119 fuisse.
852 3054 972 3116 Illo
1015 3056 1420 3137 gubernatore
1461 3054 1633 3117 laetus
1665 3056 1988 3140 aliquoties
2027 3055 2401 3131 conscendi,
2459 3076 2536 3120 et

408 3142 691 3221 quamvis
720 3161 845 3202 non
874 3134 1242 3220 {Cdbfm‘mm
1264 3134 1429 3209 πλόας
1461 3138 1584 3219 ὑπὲρ
1619 3137 1705 3203 στὶν
1737 3140 2004 3217 Μαλέων,
2030 3157 2101 3203 ut
2130 3138 2232 3202 ille
2257 3140 2534 3205 Flavius

415 3224 677 3299 Zeuxis,
716 3221 1001 3299 fecerim,
1043 3242 1105 3287 at
1139 3240 1301 3288 certe
1340 3241 1401 3287 et
1441 3224 1728 3308 Cyaneas
1765 3246 1826 3289 et
1867 3225 2072 3309 Syrtes
2111 3241 2171 3287 et
2197 3222 2532 3289 Chelido-

360 3332 367 3339 ’
411 3312 653 3370 uiarum
691 3312 967 3392 strepitus
1004 3307 1325 3392 aliquoties
1374 3330 1519 3371 cum
1564 3314 1787 3373 timore
1831 3309 1976 3373 licet
2019 3312 2262 3373 accessi.
2305 3308 2536 3388 Cujus

410 3395 823 3477 navigationis
862 3414 1009 3455 meae
1048 3416 1240 3478 quum
1269 3414 1502 3457 exstare
1533 3394 1978 3457 documentum
2010 3410 2318 3477 optarem,
2355 3392 2539 3459 divi-

414 3482 579 3539 nitus
610 3476 872 3553 accidit,
911 3495 981 3540 ut
1016 3496 1076 3540 et
1116 3482 1321 3541 raritas
1362 3478 1828 3561 exemplarium,
1869 3496 1928 3541 et
1959 3479 2332 3563 typographi.
2357 3478 2535 3544 desi-

412 3560 652 3625 derium
673 3609 693 3639 ,
728 3581 789 3625 et
829 3567 1117 3645 postremi
1154 3563 1403 3626 editoris
1437 3584 1595 3626 vana
1622 3561 1873 3625 tandem
1912 3582 2051 3647 post
2087 3564 2530 3645 longissimam

412 3644 776 3716 dilationem
812 3648 1151 3722 frustrati0‚
1186 3652 1369 3712 etiam
1411 3652 1566 3708 ratio
1603 3646 1726 3709 loci
1759 3651 1879 3709 mei
1923 3649 2042 3710 huc
2078 3668 2206 3709 rem
2250 3670 2534 3733 compu-

413 3730 625 3807 lerint,
658 3752 725 3794 ut
753 3731 1063 3798 confieret.
1104 3732 1209 3797 Sic
1242 3736 1403 3797 nosti
1439 3750 1594 3815 saepe
1631 3734 1907 3808 evenire,
1944 3749 2012 3795 ut
2040 3736 2238 3816 ipsum
2275 3750 2534 3823 tempus

416 3834 555 3898 agat
594 3836 743 3879 rem.
2578 3830 2587 3835 '
