2809 4642
437 316 463 359 ι
480 289 581 373 04
996 310 1373 363 nononis
1427 310 1948 363 bissenum-10

407 413 713 510 franchis·
750 438 817 485 ce
854 413 1217 485 redoutable
1232 421 1650 509 promontoire
1675 443 1696 481 .-
1727 432 1792 483 et
1813 414 2060 511 lon-que
2079 414 2140 483 le
2151 416 2360 511 pilate
2385 414 2518 487 Gi-

428 516 646 614 Ιὶαπεζ
665 544 717 609 y
764 534 866 587 eut
884 516 1047 609 etfin
1083 520 1285 588 riussi
1314 542 1389 587 en
1413 540 1592 609 1432
1605 568 1626 599 ,
1660 518 2096 589 l'ltonnement
2122 536 2190 587 τε
2221 519 2524 589 I'entkou-

430 626 670 689 siasme
688 619 887 711 firent
934 622 1159 714 placer
1184 638 1281 693 cet
1310 620 1561 715 exploit
1601 644 1688 691 au
1696 622 1950 691 -dessus
1969 624 2057 693 de
2087 645 2244 692 ceux
2273 622 2525 692 d’Her-

432 720 591 794 cule.
624 726 839 793 Mais
872 722 1185 820 GiIianez
1214 748 1290 794 ne
1326 724 1566 793 riussi't
1585 722 1768 819 qu'eti
1803 724 2258 795 abandonncmt
2288 726 2362 793 Ia
2395 722 2524 795 cdte

434 842 501 897 et
534 849 608 896 en
642 844 919 921 preerant
967 827 1030 897 le
1066 827 1261 925 large.
1314 829 1608 897 Hannon
1639 876 1660 907 ,
1711 828 2016 921 dipourvu
2067 830 2148 898 de
2203 826 2488 897 boussole
2501 879 2519 907 ‚
2631 838 2636 843 “

436 926 727 1003 n'aurait
741 954 835 1023 pu
859 928 961 1023 s’y
994 930 1307 1001 hasar-det
1318 956 1347 1010 ,·
1387 948 1457 1000 et
1471 948 1610 999 tous
1631 930 1727 999 les
1761 930 1976 1003 calens
2003 934 2212 1001 re'unt’s
2231 936 2533 1001 auraient

440 1032 543 1101 ἑτέ.
564 1027 929 1123 insqffimm·
956 1058 1119 1127 pour
1148 1033 1245 1103 lui
1264 1034 1446 1127 fhire
1475 1033 1730 1103 doubler
1761 1033 1824 1103 le
1867 1058 1988 1129 cap
2025 1035 2311 1126 Bojador
2331 1086 2350 1114 ,
2405 1033 2532 1105 s'il

440 1134 541 1227 ssy
574 1137 737 1205 έῑαίτ
760 1138 1065 1229 γνέηητέ.
1619 1217 1626 1221 ,

548 1234 745 1307 Nihil
780 1241 870 1309 de
908 1239 1267 1309 itineribus
1305 1258 1614 1310 veterum
1659 1258 1729 1311 et
1758 1240 2242 1332 superstitibus
2287 1262 2525 1309 narra-

447 1341 755 1411 tionibus
816 1344 1251 1413 intractatum
1300 1342 1578 1435 reliquit
1625 1344 1731 1412 vir
1775 1343 2390 1441 diligentissimus;
2459 1360 2533 1410 et

449 1463 819 1538 postquam
871 1449 1311 1543 geographos
1356 1470 1601 1516 omnes
1638 1496 1656 1526 ,
1715 1444 2141 1527 Strabonem·
2173 1444 2482 1538 inprimis
2502 1496 2528 1529 ‚

450 1547 830 1619 Hannonis
874 1550 889 1579 ¹
941 1548 1375 1641 Scylacisque
1412 1548 1440 1579 ²
1475 1549 1818 1641 periples,
1866 1548 2412 1651 Polybiisstinera
2439 1545 2466 1591 ³
2509 1596 2530 1628 ,

450 1649 665 1721 Plinii
700 1653 956 1745 passim
994 1654 1219 1746 capita
1249 1652 1625 1744 permulta,
1659 1652 2146 1745 Ptolemaeique
2175 1652 2440 1721 tabulas
2470 1646 2532 1734 4,

454 1753 635 1825 inter
684 1778 757 1823 se
804 1758 893 1823 de
934 1755 1177 1823 iisdem
1220 1754 1389 1824 locis
1444 1754 1812 1825 contulerit
1853 1804 1874 1837 ,
1949 1757 2115 1825 inde
2173 1755 2532 1824 concludit

458 1874 681 1927 certos
708 1857 1051 1950 quosdam
1076 1858 1149 1929 in
1182 1854 1583 1929 Gra-corum
1611 1877 1680 1927 et
1717 1856 2194 1929 Romanorum
2231 1880 2534 1956 geogra-

462 1960 625 2051 phia
666 1960 997 2029 terminos
1034 1984 1257 2053 usque
1292 1962 1613 2055 reperiri,
1660 1986 1840 2052 quos
1877 1963 2053 2032 ultra
2086 1962 2402 2053 ineptum
2437 1979 2537 2028 est

464 2080 775 2130 veterum
812 2062 1117 2160 vestigiis
1152 2064 1498 2146 insistere,
1533 2088 1682 2133 non
1716 2066 2054 2134 euntium.
2099 2059 2168 2133 Si
2209 2062 2537 2133 nonnulli

470 2188 557 2232 eo
612 2168 897 2235 nomine
952 2164 1383 2237 celebrantur
1433 2167 1897 2265 navigatoreS,
1957 2169 2149 2259 quod
2209 2166 2538 2236 audacius

469 2266 642 2344 ultra
682 2267 1003 2366 vulgares
1048 2289 1263 2341 metas
1312 2272 1620 2364 provecti
1661 2270 1944 2362 Libyam
1989 2269 2538 2365 circumnaviga-

467 2372 730 2456 verint,
774 2372 950 2456 haec,
994 2392 1073 2451 ut
1104 2375 1197 2443 ait
1224 2374 1309 2447 cl.
1344 2371 1782 2445 Coss-elfinus
1806 2424 1828 2456 ,
1860 2370 2164 2443 fabulam
2195 2373 2535 2455 redolent,

472 2492 541 2545 et
572 2476 895 2572 gravibus
928 2480 1203 2559 tandem
1236 2477 1662 2574 argumentis
1687 2495 1924 2549 carent
1961 2476 2012 2548 ³.
2053 2476 2208 2545 Imo
2236 2472 2387 2545 falsi
2422 2475 2540 2544 ille

470 2580 693 2674 arguit
730 2580 1504 2677 circumnavigationem
1549 2579 1808 2669 Libyae,
1863 2603 1906 2649 a
1937 2576 2376 2649 Phoenicibus
2411 2578 2540 2647 sub

472 2680 770 2751 Necone
812 2676 1196 2778 susceptam
1232 2672 1261 2716 ⁶
1284 2731 1303 2764 ,
1362 2683 1782 2774 alteramque
1823 2682 2092 2753 Eudoxi
2129 2686 2304 2751 adeo
2351 2684 2537 2774 apud

474 2801 737 2854 veteres
761 2786 1165 2859 celebratam
1186 2788 1241 2855 ⁷.
1268 2783 1540 2855 Scilicet
1565 2786 1702 2855 haec
1725 2804 2102 2856 nascuntur
2125 2802 2541 2865 commenta,

476 2904 622 2954 tum
648 2897 733 2957 eit
771 2892 1101 2983 susceptis
1128 2888 1556 2962 brevioribus
1594 2889 2148 2987 navigationibus
2177 2906 2372 2958 extra.
2393 2886 2542 2955 Co-

473 2988 745 3059 lumnas
782 3010 849 3061 et
884 3010 1071 3064 extra
1100 2993 1326 3061 sinum
1359 2990 1770 3072 Arabicum,
1814 3016 1961 3086 quae
1995 2992 2190 3063 latius
2229 2991 2318 3061 ab
2357 3010 2544 3059 utro-

476 3116 617 3183 que
650 3094 857 3179 latere
886 3118 1035 3163 sese
1062 3098 1544 3165 extendentem
1574 3094 1854 3186 Libyam
1882 3098 2372 3176 ostenderunt,
2400 3112 2540 3161 tum

475 3220 564 3265 ex
592 3200 990 3287 conjectura
1032 3198 1194 3279 inde
1232 3216 1379 3267 orta
1413 3199 2218 3294 circumnavigariposse
2255 3197 2546 3267 omnino

472 3300 650 3369 hanc
692 3301 1051 3397 regionem
1088 3288 1143 3369 3.
1196 3300 1365 3373 Non
1413 3301 1787 3372 defuerunt
1833 3302 2147 3392 posthac,
2197 3299 2321 3392 qui
2357 3322 2540 3377 rem,

474 3427 682 3495 quam
736 3405 976 3499 peragi
1021 3428 1225 3496 posse
1273 3406 1604 3475 nonnulli
1643 3404 2086 3473 crediderant
2113 3452 2132 3482 ,
2201 3417 2542 3495 peractam

474 3530 714 3599 reapse
752 3507 963 3575 fuisse
1004 3508 1385 3582 narrabant.

476 3746 505 3787 ⁴
524 3680 575 3807 Ρ*
597 3678 727 3733 Loc.
746 3681 835 3735 cit.
858 3696 973 3756 pag.
996 3698 1095 3754 70,
1115 3698 1189 3757 sq.
1248 3711 1321 3721 --
1358 3682 1401 3768 ‘²
1427 3680 1546 3756 Pag.
1583 3699 1679 3733 102
1703 3720 1716 3741 ‚
1743 3699 1817 3757 sq.
1875 3710 1948 3784 -6-
2003 3675 2166 3753 ³Pag.
2197 3653 2327 3742 166,
2347 3696 2419 3754 sq.
2475 3704 2548 3717 --

364 3777 369 3791 ·
566 3772 649 3828 ag.
684 3776 813 3819 120,
842 3774 917 3833 sq.
992 3786 1065 3797 --
1121 3764 1139 3799 ⁵
1166 3755 1295 3811 Loc.
1322 3770 1552 3831 cin-pag.
1585 3766 1709 3825 204.
1767 3786 1840 3797 -
1958 3754 2084 3831 Pag.
2123 3764 2275 3825 204-
2302 3758 2426 3805 216.
2480 3780 2552 3794 --

478 3824 644 3905 ⁷Pag.
674 3850 808 3899 217-
833 3844 954 3902 242.
1010 3862 1083 3873 -—-
1139 3828 1298 3905 ⁸Pag.
1326 3828 1450 3885 208,
