2809 4642
560 294 667 359 '82
844 367 849 371 ⁵
1136 308 1508 361 ammius
1561 308 2074 363 ormana-10

1150 507 1199 560 ς.
1236 496 1329 556 ΙΧ.
1368 496 1474 553 Res
1508 495 1696 556 eadem
1731 495 2055 577 disquiritur.

676 680 901 751 Nobis
928 682 1136 777 igitur
1158 681 1317 757 satis
1346 680 1774 753 invalescunt
1799 680 2051 751 indicia
2087 680 2155 748 et
2191 682 2518 765 rationes,
2548 701 2617 755 ut·

576 802 1097 875 temporaanno
1122 780 1213 865 48
1226 787 1299 851 0⁰
1330 782 1681 873 superiora
1705 798 2054 873 petentes,
2088 784 2172 849 ad
2207 805 2460 855 annum
2489 787 2611 875 jam

586 888 807 977 509mu
852 885 1330 963 deveniamus,
1378 906 1524 973 quo
1571 880 2171 977 Carthaginienses
2208 882 2425 953 foedus
2469 909 2611 953 cum

572 986 904 1059 Romanis
944 987 1240 1077 primum
1288 986 1516 1063 icere,
1573 1002 1639 1053 et
1681 1002 1878 1053 caute
1930 984 2226 1077 stipulati
2275 1004 2476 1066 sunt,
2528 1010 2608 1053 ne

576 1088 873 1161 Romani
893 1112 1121 1161 versus
1142 1084 1522 1157 Columnas
1544 1086 2023 1183 navigarent&
2058 1086 2265 1154 Tunc
2297 1107 2472 1155 certe
2503 1088 2617 1154 iter

573 1192 662 1259 ad
691 1187 1135 1261 Cassiteridas
1170 1188 1424 1257 insulas
1463 1164 1925 1257 sinistrorsum
1967 1205 2050 1257 et
2063 1190 2148 1255 ad
2173 1187 2377 1257 litora
2408 1188 2613 1279 Libyae

572 1290 1012 1364 occidentalis
1046 1290 1471 1359 dextrorsum
1512 1288 1907 1369 habebatur,
1957 1307 2164 1381 atque
2205 1288 2542 1359 Romanos
2579 1312 2613 1355 a

570 1393 874 1489 vestigiis
907 1393 1045 1464 suis
1084 1414 1311 1461 arcere
1352 1389 1549 1462 Poeni
1579 1390 1776 1459 valde
1808 1389 2158 1462 curabant.

642 1492 775 1563 Sed
792 1517 1009 1585 quum
1032 1509 1281 1565 metam
1297 1492 1715 1563 constituere
1732 1493 1958 1561 conati
1980 1492 2215 1575 simus,
2227 1492 2402 1567 ..ultra
2416 1514 2610 1583 quam

572 1596 943 1665 Hannonis
973 1596 1098 1667 iter
1128 1595 1213 1663 ad
1232 1593 1608 1661 recentiora
1636 1610 1948 1685 tempora
1970 1617 2116 1661 non
2143 1610 2610 1671 removeretur,

451 1740 457 1747 -
566 1688 1054 1768 intercludatur
1091 1716 1377 1785 quoque
1418 1716 1503 1762 ex
1533 1694 1869 1763 contraria
1907 1713 2097 1786 parte
2134 1712 2462 1787 susceptae
2504 1717 2612 1761 ex-

568 1797 937 1891 peditionis
964 1796 1276 1891 spatium.
1308 1790 1576 1863 Scilicet
1605 1818 1644 1863 a
1667 1796 1953 1864 conditae
1975 1794 2407 1893 Carthaginis
2437 1812 2610 1863 aetate

568 1919 719 1990 250
779 1898 1043 1967 circiter
1090 1894 1255 1965 anni
1298 1894 1513 1987 elapsi
1555 1896 1691 1983 sint
1739 1920 2020 1971 necesse
2066 1916 2206 2005 est,
2257 1918 2608 1989 antequam

570 2022 829 2079 novum
862 1998 1218 2090 imperium
1259 1996 1566 2068 colonias
1605 1998 1850 2091 procul
1881 2002 1968 2067 ad
1997 1974 2386 2095 augendam
2432 2015 2612 2091 pote-

566 2118 808 2170 statem
840 2100 1117 2170 miserit.
1137 2096 1357 2214 Qouod
1370 2098 1796 2168 intervallum
1816 2124 1901 2169 ex
1914 2102 2191 2171 condita
2206 2101 2377 2171 urbe
2407 2122 2612 2193 usque

566 2204 655 2275 ad
684 2201 999 2293 repulsos
1034 2199 1322 2269 omnino
1352 2200 1581 2271 hostes
1612 2198 1967 2283 finitimos,
2008 2220 2216 2295 atque
2252 2206 2340 2273 ad
2356 2201 2612 2291 ,floren-

572 2323 707 2378 tem
734 2326 874 2373 rem
898 2303 1210 2373 navalem
1242 2298 1917 2399 Carthaginiensium
1937 2352 1954 2383 ‚
1986 2304 2224 2373 saltem
2252 2303 2613 2374 decurrisse

566 2422 911 2536 oportet.m
910 2400 1017 2473 Sic
1061 2401 1433 2482 Hannonis
1476 2403 1817 2497 expeditio
1863 2404 2041 2479 inter
2081 2412 2346 2475 annum
2396 2402 2440 2473 6
2451 2404 2610 2495 33⁰⁰*

568 2526 637 2576 et
689 2510 860 2596 55οο
868 2510 1109 2575 mante
1141 2502 1311 2575 Chr.
1348 2502 1750 2575 collocanda
1781 2506 1968 2577 erit²

668 2608 883 2677 Nunc
925 2625 1151 2677 autem
1197 2606 1443 2679 relictis
1489 2598 1812 2676 omnibus
1857 2559 2368 2690 Hannonibus,
2401 2608 2518 2711 qui
2547 2608 2609 2677 in

504 2763 509 2771 ,
564 2710 761 2779 bellis
794 2726 1031 2778 contra
1060 2703 1365 2786 Siculos,
1395 2726 1461 2775 et
1495 2727 1729 2799 postea
1765 2729 2004 2789 contra
2039 2708 2397 2779 Romanos
2426 2731 2608 2803 repe-

565 2813 859 2891 riuntur,
882 2810 955 2879 in
981 2810 1277 2880 medium
1314 2813 1638 2901 procedat
1669 2812 1991 2909 egregius
2025 2810 2136 2878 ille
2166 2814 2313 2881 dux
2341 2812 2609 2889 Hamae,

569 2916 656 2983 ad
682 2937 889 3005 quem
916 2911 1313 2982 Anacharsis
1338 2910 1782 3003 philosophus
1821 2910 2302 2981 celeberrimus
2351 2938 2436 2983 ex
2465 2910 2612 3003 Scy-

484 3012 496 3023 *
567 3016 705 3085 thia
754 3016 978 3083 literas
1032 3013 1254 3091 misit,
1306 3030 1582 3080 auctore
1639 3010 1930 3092 Tu11i9³
1969 3063 1988 3094 ,
2047 3016 2309 3107 quique
2361 3037 2613 3084 coaevus

566 3114 810 3183 Croeso
834 3113 1065 3183 floruit
1087 3136 1275 3181 anno
1299 3114 1560 3181 circiter
1585 3118 1776 3207 592⁰.
1807 3115 1992 3183 Huic
2010 3138 2146 3216 ego
2171 3118 2460 3207 quidem
2479 3139 2612 3184 non

563 3241 739 3312 aegre
757 3218 1027 3285 laudem
1054 3215 1349 3307 suscepti
1372 3216 1630 3283 itineris
1653 3215 2036 3297 tribuerim,
2077 3219 2190 3285 cui
2223 3243 2443 3311 quum
2475 3241 2616 3314 gra-

566 3320 760 3395 tulari
786 3318 1142 3390 debuerint
1159 3314 1580 3385 celeberrimi
1598 3340 1733 3385 suae
1758 3319 1962 3402 aetatis
1983 3318 2146 3401 viri,
2183 3334 2329 3388 tum
2357 3322 2615 3391 v'idetur

559 3444 761 3489 suum
784 3424 996 3487 decus
1018 3416 1646 3511 quasi-exprobrare
1661 3466 1680 3498 ,
1707 3420 2120 3511 paupertatis
2135 3415 2380 3494 ainans
2397 3473 2417 3503 ,
2433 3420 2619 3491 Ana-

556 3521 837 3604 charsis,
863 3522 1055 3611 quod
1081 3544 1296 3587 novos
1330 3520 1714 3588 divitiarum
1747 3520 1970 3589 fontes
2011 3524 2423 3613 quaesiverit.
2462 3522 2616 3591 Haec

633 3702 835 3764 'Confi
852 3707 1038 3781 Polyb.
1060 3706 1098 3763 1.
1118 3721 1206 3771 m,
1221 3726 1269 3762 c.
1300 3729 1388 3765 ιι.
1426 3739 1500 3750 ——
1537 3706 1632 3763 81
1649 3726 1715 3763 ex
1729 3707 1913 3765 Selino
1928 3708 2266 3785 Carthaginis
2282 3726 2466 3768 ortum
2486 3728 2616 3766 anno

556 3779 691 3857 883ο
708 3784 1160 3885 collocaverimus.
1214 3812 1287 3824 —
1340 3779 1360 3817 ³
1396 3780 1619 3836 Tuscul.
1645 3782 1679 3835 l.
1708 3796 1768 3848 v,
1794 3802 1840 3836 c.
1878 3803 1962 3856 32.
