2809 4642
987 338 1074 393 m
1129 336 1625 413 ”Annonem
2122 355 2151 403 χ
2240 345 2327 416 25

218 438 748 533 *fabulatoribus
811 440 1100 513 solenne
1155 440 1370 513 fuisse
1404 494 1427 527 ,
1482 461 1565 515 ut
1609 430 1995 515 fabularum
2034 454 2341 537 'scenam

248 540 526 634 Libyam
564 543 918 629 facerent,
973 562 1042 615 et
1075 546 1587 617 commentitios
1619 547 1927 643 periples
1968 571 2009 617 a
2038 545 2340 631 Colum,-

259 644 370 731 nis
399 647 882 718 exordirentur
917 646 1274 721 Herculeis
1309 674 1327 716 ε
1365 652 1581 742 quod·
1602 666 1841 721 noster
1888 648 2345 745 (quicunque

260 747 524 840 demum
571 750 630 819 is
682 746 952 842 fuerit)
1009 750 1174 821 fecit
1213 752 1504 823 Hanno.
1568 752 1657 823 Et
1702 750 1915 823 fidem
1962 753 2341 823 Hannonis

256 869 632 944 suspectam
662 850 886 923 finisse
907 856 1237 941 docuerat
1265 857 1404 946 jam
1438 872 1642 927 antea
1676 855 1898 929 Mela¹
1920 906 1943 938 ‚
1980 878 2141 925 cum
2172 880 2353 949 pro-‚

256 969 478 1045 pterea
517 952 738 1027 fidem
775 954 878 1026 issi
929 957 1226 1028 habitam
1272 960 1363 1029 de
1403 959 1677 1029 hirsutis
1730 958 2129 1029 mulieribus
2170 957 2339 1029 Go-

259 1056 412 1125 rillis
455 1055 669 1129 fuisse
713 1056 929 1129 refert
946 1110 967 1151 ‚
1017 1064 1214 1153 quod
1253 1064 1549 1131 duarum
1596 1062 1785 1131 coria
1808 1063 2115 1133 ‚domum
2154 1080 2338 1133 retu-

184 1192 188 1203 ·
228 1156 437 1243 ierit,
475 1180 544 1231 et
599 1163 681 1231 in
725 1161 1032 1233 Junonis
1079 1164 1342 1259 templo
1383 1165 1865 1259 suspenderit3
1894 1165 2173 1257 ‚alioqui
2222 1162 2337 1238 fu·-

264 1263 489 1331 turum'
506 1265 832 1335 indicans
851 1314 871 1347 ,
901 1289 994 1336 ne
1014 1263 1228 1337 fidem
1255 1290 1536 1359 prorsus
1560 1267 1773 1339 ullam
1798 1267 2161 1339 inveniret.
2180 1266 2339 1339 Nec

265 1386 418 1435 sane
455 1367 754 1464 legimus
781 1368 858 1437 in
887 1370 1170 1441 historia
1193 1366 1869 1465 Carthaginiensium
1897 1370 2071 1441 uliae
2095 1373 2333 1441 harum

229 1490 238 1512 ⁸
267 1468 684 1539 coloniarum
721 1474 826 1540 ad·
845 1472 1092 1543 urbem
1135 1472 1709 1565 metropoliticam
1742 1472 2129 1568 legationes
2159 1523 2181 1555 ,
2220 1491 2339 1543 aut

273 1568 454 1641 aliud
483 1573 758 1665 aliquod
772 1577 1276 1668 cujuscunque·
1284 1575 1561 1668 generis
1578 1574 2093 1646 commercium.
2114 1574 2337 1659 Quod

273 1672 332 1741 si
355 1676 772 1761 aetatePiinii
804 1678 1014 1769 nulla,
1037 1676 1245 1748 fuerit
1285 1680 1523 1749 harum
1564 1675 1999 1747 coloniarum
2030 1700 2335 1747 seume-

269 1777 468 1847 moria
486 1830 508 1863 ‚
531 1802 664 1851 seu
696 1780 1064 1877 vestigium
1085 1834 1105 1866 ,
1132 1782 1252 1851 diu
1271 1800 1492 1877 ¹antea.
1522 1780 1853 1875 perierint
1876 1803 2161 1851 neeesse
2188 1780 2295 1851 est
2311 1830 2333 1863 ,

267 1902 404 1970 quae
435 1884 594 1973 jam·
623 1884 720 1953 ita
759 1886 1142 1977 perierant,
1187 1902 1266 1954 ut
1295 1910 1388 1954 ne
1418 1884 1703 1976 quidem
1732 1884 2063 1955 memoria
2098 1906 2335 1955 earum

263 1983 685 2077 superfuerit.
717 1986 914 2058 Vidit
939 2012 1110 2085 ergo
1135 1988 1238 2057 vir
1267 1987 1747 2084 sagacissimus
1776 2010 1987 2079 quam
2012 2005 2191 2057 esset
2214 2010 2336 2055 ne-

263 2089 534 2161 cessaria
565 2092 776 2181 hujus
815 2091 1066 2185 peripli
1095 2092 1499 2183 antiquitas,
1536 2091 1595 2160 si
1626 2090 1834 2179 vellet
1862 2090 2059 2161 iilum
2100 2114 2139 2160 a
2166 2087 2339 2159 ,falsi

262 2192 652 2284 suspicione
694 2193 895 2263 tueri.
935 2193 1040 2265 Ita
1081 2195 1269 2285 enim
1298 2191 1512 2265 fieret·
1534 2211 1609 2263 ut
1636 2194 1847 2287 condi
1886 2212 2173 2285 possent
2203 2192 2337 2261 issae

261 2291 344 2361 ab
388 2294 751 2366 Hannone
783 2297 1072 2367 colonia:
1088 2345 1109 2378 ,
1155 2315 1226 2367 et
1279 2314 1513 2368 tamen
1550 2296 1787 2367 multis
1830 2312 1991 2365 ante
2030 2291 2334 2365 Plinium

263 2397 510 2473 saeculis
547 2400 984 2487 intercidere.
1019 2398 1242 2485 Quod
1285 2418 1517 2470 tamen
1547 2424 1727 2497 aegre
1760 2400 1989 2493 potuit
2014 2390 2334 2483 evenire,
2406 2494 2411 2501 .

269 2498 326 2565 si
352 2522 510 2569 vero
530 2500 650 2571 isso
668 2552 688 2587 ,
715 2504 913 2595 quod
941 2526 1110 2573 mox
1137 2506 1585 2573 ostendemus
1602 2545 1636 2584 ‚·
1672 2501 2049 2575 Hannonis
2084 2499 2336 2571 saeculo

263 2600 412 2675 haec.
427 2601 672 2675 filisset
697 2605 1068 2699 expeditio.
1100 2606 1350 2679 Manet
1377 2606 1655 2677 interim
1687 2605 1803 2675 ina
1836 2604 2171 2698 suspiciO,
2200 2602 2337 2695 nisi
2446 2606 2469 2633 ‘²

262 2726 590 2803 magnum
637 2708 922 2801 aliquod
951 2709 1134 2779 inter
1177 2710 1605 2781 Hannonem
1651 2707 2099 2799 Pliniumque
2130 2708 2333 2780 inter·-

261 2811 530 2881 cesserit
563 2812 896 2905 temporis
920 2812 1374 2883 intervallum.
1406 2812 1786 2885 Videamus
1815 2834 1987 2907 ergo
2014 2833 2189 2880 num
2218 2808 2338 2879 so-

263 2908 406 2979 lido
434 2913 564 2983 alio
586 2914 740 2985 uilo
779 2932 1198 3012 argumento
1219 2933 1475 2987 tantam
1515 2916 1713 3004 hujus
1748 2913 1997 3007 peripli
2032 2913 2339 3007 antiqui-

265 3030 470 3084 tatem
501 3036 800 3088 astruere
835 3019 1055 3111 possit
1085 3019 1218 3101 vir,
1267 3020 1483 3113 siquis
1514 3018 1687 3089 alius
1706 3068 1727 3101 ,
1776 3017 2121 3089 memoriae
2148 3020 2337 3111 apud

261 3136 566 3211 posteros
609 3120 1093 3191 celeberrimae.

295 3317 338 3373 S.
363 3308 454 3370 XI.
488 3308 724 3368 Nullum
743 3310 1016 3369 Hannonis
1037 3314 1318 3391 vestigium
1344 3314 1400 3368 in
1428 3310 1591 3369 fluvio
1608 3309 1921 3388 Gorgonum
1941 3309 2289 3409 Palaephateo.
2325 3386 2329 3391 .

361 3478 562 3553 Addit
586 3482 696 3553 vir
736 3482 1171 3552 doctissimus
1195 3533 1216 3566 ,
1250 3482 1323 3551 in
1352 3478 1585 3550 fabula
1621 3481 1709 3548 de
1726 3469 2196 3577 ‘Gorgonibus
2222 3498 2337 3548 ve-

273 3582 528 3681 stigium
573 3611 651 3657 se
682 3587 897 3679 hujus
933 3584 1391 3683 navigationis
1436 3578 2067 3677 deprehendisse²z
2116 3582 2333 3676 Ipsum

275 3685 444 3759 Paem·
460 3690 642 3763 ducis
667 3712 894 3762 nomen
928 3740 948 3771 ,
1003 3690 1122 3759 sed
1143 3688 1352 3780 fluvio
1385 3686 1783 3769 attributum.
1816 3685 2131 3758 Annonem
2148 3736 2167 3771 ,
2222 3684 2333 3754 in-

336 3870 349 3893 '
372 3860 674 3939 Mel.i.1n,
696 3884 750 3928 c.
771 3887 828 3943 9.
869 3892 946 3911 --
985 3866 1010 3900 ²
1040 3846 1595 3930 Voss.adMel.{.111‚
1619 3870 1964 3933 e.9,n.⁰23.
