2809 4642
567 389 587 400 -
642 341 1160 424 HENRICI
1237 339 1905 434 DODWELLI

785 609 1772 718 DISSERTATIO

309 927 416 976 on
471 917 678 978 viano
737 912 1072 988 mamm,
1130 923 1274 986 Qui
1339 901 1859 974 HANNONIS
1912 921 2237 973 nomme

713 1042 1392 1108 §meursium-un,
1447 1040 1835 1095 TEMPORE.

645 1531 1009 1596 SUMMA
1063 1530 1965 1596 DISSERTATIONIS.

347 1919 390 1974 S.
431 1905 472 1963 Ι.
525 1903 593 1962 V.
633 1902 702 1959 cl.
739 1902 799 1958 Is.
842 1901 1011 1958 Vossii
1054 1900 1121 1956 de
1165 1901 1316 1976 hujus
1365 1901 1553 1980 peripli
1602 1905 1911 1982 antiquitate
1957 1907 2229 1965 sententia.
2273 1937 2345 1948 —

265 1996 316 2050 s.
341 1983 402 2039 II.
425 1977 578 2038 Nihil
604 1977 871 2034 habebant
903 1995 1030 2032 cum
1062 1976 1251 2032 Perseo
1266 2017 1279 2037 ‚
1315 1991 1405 2032 aut
1428 1996 1557 2031 cum
1590 1977 1765 2033 Persei
1792 1977 2131 2054 Gorgonibus
2149 2022 2163 2042 ,
2200 1999 2348 2036 com-

274 2077 442 2118 mune
461 2055 730 2112 Hannonis
756 2051 988 2110 Gorillae.
1002 2083 1076 2092 —
1095 2060 1137 2115 S.
1157 2049 1243 2106 111.
1264 2049 1518 2108 Fabulam
1544 2049 1610 2109 de
1640 2051 1978 2128 Gorgonibus
1994 2095 2009 2120 ,
2034 2055 2215 2112 multis
2234 2069 2351 2131 post

277 2133 527 2188 Perseum
558 2127 758 2186 saeculis
776 2170 790 2192 ,
849 2130 1016 2182 rimus
1038 2129 1361 2202 excogitavit
1393 2125 1763 2184 Hesiodus.—
1798 2137 1840 2194 s.
1866 2127 1955 2184 IV.
1994 2126 2223 2186 Nullam
2267 2130 2348 2185 hi·

275 2210 493 2265 storiam
509 2203 581 2258 ob
601 2202 780 2258 oculos
805 2147 1045 2257 {fabuisse
1068 2199 1280 2255 videtur
1299 2243 1313 2265 ,
1361 2219 1490 2255 cum
1509 2194 1742 2256 fabulam
1765 2200 1833 2256 de
1846 2200 2186 2278 Gorgonibus
2206 2223 2353 2260 com-

282 2284 646 2342 minisceretur
666 2321 682 2344 ,
729 2275 1000 2334 Hesiodus.
1035 2307 1111 2318 -—
1145 2285 1196 2339 s.
1240 2273 1313 2332 V.
1345 2274 1660 2351 Gorgonum
1699 2275 1843 2331 locus
1882 2295 2089 2354 prorsus
2121 2275 2355 2337 fictitius.

281 2357 480 2422 Primi,
558 2367 639 2409 ost
661 2351 952 2410 Hesiodum
967 2392 982 2416 ,
1021 2348 1200 2408 sedem
1229 2369 1413 2408 earum
1435 2354 1491 2406 in
1514 2349 1817 2426 Cyrenaica
1838 2354 2065 2410 statuisse
2094 2353 2356 2414 videntur.

283 2465 358 2476 -
385 2438 428 2496 ς.
460 2427 514 2484 V
545 2468 558 2482 .
597 2425 834 2483 Juniores
872 2423 1066 2482 deinde
1101 2425 1190 2483 alii
1225 2424 1290 2479 ad
1319 2425 1368 2480 C
1412 2444 1575 2480 renen
1603 2425 1795 2494 aliam,
1840 2427 1897 2482 in
1924 2420 2060 2483 freto
2091 2427 2355 2486 Gaditano

283 2508 440 2562 sitam
457 2547 474 2571 ,
509 2502 784 2578 Gorgonas
825 2499 1135 2556 retulerunt.
1171 2531 1246 2542 -
1278 2510 1319 2564 s.
1410 2499 1471 2556 11.
1492 2501 1781 2557 Recentior
1805 2501 2069 2576 praedlctis
2104 2505 2359 2558 sententia

285 2581 355 2636 de
384 2576 434 2634 C
505 2596 604 2634 ene
634 2575 727 2632 aut
765 2577 945 2634 Cerne
977 2574 1246 2632 Atlantica
1268 2617 1282 2642 ,
1334 2594 1498 2654 quam
1551 2590 1731 2632 tamen
1770 2593 1822 2630 se
1898 2578 2003 2631 itur
2038 2575 2249 2632 Hanno.
2291 2609 2353 2620 -

304 2667 346 2720 S.
366 2653 440 2709 VI
472 2653 507 2710 l.
545 2650 662 2718 Qui
682 2649 897 2706 Cernen
915 2692 930 2715 ,
960 2648 1045 2704 vel
1072 2647 1369 2726 Gorgonas,
1416 2652 1473 2704 in
1494 2651 1699 2706 oriente
1720 2665 1774 2706 et
1858 2653 1933 2706 ari
1962 2651 2239 2728 Erythraeo
2258 2667 2359 2708 sta-

285 2723 484 2786 tuerint
497 2771 512 2794 ,
533 2725 799 2782 Hannone
833 2727 1062 2800 juniores
1081 2739 1330 2782 erant...-—
1348 2723 1501 2787 §.1x.
1530 2723 1621 2780 Sic
1640 2741 1819 2783 tamen
1840 2729 1942 2781 erit
1956 2725 2146 2787 Hanno
2164 2725 2357 2796 multo,

287 2798 451 2884 quarn
474 2801 684 2858 volebat
712 2800 780 2855 cl.
809 2799 1048 2863 Vossius,
1087 2801 1363 2855 recentior.
1394 2797 1461 2854 Et
1480 2793 1592 2854 falsi
1622 2802 1781 2855 etiam
1812 2803 2010 2856 evictus
2027 2843 2043 2868 ,
2080 2799 2226 2880 quod
2246 2799 2363 2855 loca

279 2879 600 2934 'memorarit
639 2874 795 2956 plane
836 2875 1222 2932 commentitia.
1259 2906 1333 2916 -—
1352 2883 1393 2936 S.
1430 2873 1503 2932 X.
1538 2874 1635 2933 Sus
1672 2890 1815 2932 ectus
1840 2891 1952 2934 erat
1972 2917 1987 2939 .
2032 2880 2189 2932 etiam
2224 2877 2362 2952 apud

289 2969 492 3008 veteres
514 2995 529 3018 ,
563 2951 831 3008 Hannonis
856 2947 944 3003 ille
1009 2947 1219 3022 eriplus.
1239 2982 1312 2992 -
1343 2959 1383 3016 S.
1412 2948 1505 3008 Xl.
1534 2948 1627 3006 Nu
1668 2969 1763 3008 um
1790 2949 2063 3012 Hannonis
2084 2953 2208 3008 vesti
2248 2953 2361 3008 ium

291 3031 350 3082 in
376 3025 540 3082 fluvio
562 3023 881 3100 Gorgonum
903 2969 1248 3100 Palaephateo.
1266 3055 1342 3066 --
1362 3033 1402 3088 S.
1428 3023 1543 3080 XII.
1564 3023 1769 3082 Locum
1796 3046 1891 3102 pro
1928 3044 1958 3079 e
1980 3025 2193 3080 Cernen
2211 2969 2366 3080 llan-

296 3103 448 3157 nonis
479 3099 689 3156 nullum
710 3099 901 3153 habere
917 3101 1090 3174 potuit
1113 3096 1274 3153 Auno
1289 3097 1425 3153 Palae
1464 3098 1660 3156 hateus.
1678 3134 1752 3144 —
1772 3109 1816 3164 S.
1834 3045 1973 3157 xlll.
1990 3099 2141 3157 Nihil
2163 3093 2397 3156 faciunt*

293 3177 616 3232 Phoenicum
645 3173 866 3228 coloniae
900 3185 1047 3226 extra
1077 3172 1370 3228 Columnas
1455 3173 1683 3229 erculeas
1710 3195 1741 3230 a
1768 3173 2027 3231 Strabone
2062 3189 2367 3230 memoratae

293 3252 364 3306 ad
381 3249 861 3311 Hannonem.—S.
883 3245 1034 3302 XIV.
1053 3245 1269 3302 Didone
1291 3250 1641 3325 antiquiorem
1662 3248 2045 3328 Carthaginem
2062 3243 2240 3317 fuisse,
2258 3269 2370 3306 non

299 3340 378 3381 est
405 3321 708 3380 verisimile.
725 3353 796 3366 -—
819 3329 862 3386 ς.
890 3319 1016 3376 XV.
1047 3322 1419 3378 Committitur
1449 3341 1573 3378 cum
1606 3323 1944 3400 chronologia
1968 3343 2111 3381 sacra
2141 3323 2368 3380 chrono-

305 3399 357 3453 lo
393 3402 442 3453 ia
472 3417 662 3474 regum
691 3395 1007 3471 Tyriorum.
1039 3427 1116 3442 «-
1144 3405 1188 3460 ς.
1220 3395 1366 3452 XVI.
1404 3395 1659 3453 Praedicta
1693 3399 2035 3475 chronologia
2068 3398 2127 3454 T
2167 3401 2368 3454 riorum

297 3418 586 3528 adgstruitur
629 3491 660 3526 e
701 3469 940 3548 Josepho.
974 3501 1046 3512 ——
1075 3479 1116 3534 ς.
1150 3469 1325 3528 XVII.
1360 3469 1490 3527 Inde
1517 3492 1683 3528 annus
1705 3473 1969 3550 colligitur
1989 3493 2094 3553 quo
2185 3475 2324 3550 gerit
2343 3497 2373 3532 e

303 3549 471 3624 patria
507 3547 668 3606 Dido.
712 3578 789 3590 —
827 3555 870 3610 S.
901 3543 1093 3600 XVIII.
1127 3544 1268 3601 Inter
1309 3545 1360 3600 ol
1401 3565 1515 3624 mp.
1552 3561 1707 3616 xcll,
1743 3559 1781 3620 4
1821 3564 1875 3608 et
1910 3549 2115 3626 olymp.
2152 3562 2374 3619 cxxlx,

291 3670 298 3675 .
347 3619 615 3679 uaerendus
636 3634 713 3676 est
735 3619 927 3698 Hanno
948 3619 1102 3694 hujus
1161 3622 1234 3676 eri
1276 3619 1312 3675 li
1375 3631 1601 3686 ux.—S.
1614 3621 1765 3680 XIX.
1783 3621 2063 3702 Collegam
2086 3621 2269 3680 habuit
2286 3623 2375 3682 hic

391 3715 501 3752 nno
515 3693 893 3754 Himilconem.
915 3693 976 3750 In
994 3694 1134 3770 Agat
1171 3713 1235 3750 oc
1257 3698 1299 3750 is
1322 3695 1463 3752 bello
1488 3696 1649 3752 duces
1679 3714 1829 3755 erant
1854 3713 1963 3754 tam
1998 3697 2189 3754 Hanno
2216 3715 2377 3775 quarn

313 3769 564 3826 Himilco.
594 3803 669 3814 -
700 3780 740 3834 S.
777 3769 903 3824 XX.
935 3768 1128 3844 Peripli
1173 3769 1326 3844 hujus
1357 3774 1606 3828 meminit
1634 3771 1936 3850 Xenophon
1979 3773 2380 3850 Lampsacenus.

311 3853 427 3910 Sed
443 3846 564 3929 'ejus
588 3869 704 3910 aetas
741 3857 958 3910 incerta.
987 3885 1054 3898 -
1090 3864 1128 3917 ς.
1161 3853 1313 3912 ΧΧΙ.
1344 3854 1547 3922 Primus
1584 3860 1827 3914 meminit
1860 3873 2040 3916 auctor
2074 3866 2244 3936 operis
2274 3842 2380 3930 περ)

1944 3957 2059 4032 Α*,
