2809 4642
2207 208 2218 245 l

920 364 1009 417 IN
1066 362 1564 417 ΗΑΝΝΟΝΕΜ.
2153 372 2176 415 1
2199 372 2284 437 25

208 461 417 547 Scylax
444 477 660 525 contra
680 482 716 523 a
744 460 1075 525 Columnis
1100 462 1180 526 ad
1210 462 1573 526 SoloEntem
1598 466 2089 547 promontorium
2115 470 2297 549 quin-

252 571 323 611 ue
351 548 590 611 dierum
616 552 733 611 iter
761 568 887 612 esse
926 547 1189 626 adserit3
1236 571 1456 632 nempe
1490 551 1744 612 duorum
1777 570 1817 609 a
1869 547 2180 615 Columnis
2217 554 2304 613 ad

205 572 551 697 hermarum
575 636 1073 721 promontorium,
1116 650 1173 696 et
1201 638 1420 711 trium,
1457 635 1535 697 ab
1555 632 1842 697 Hermaeo
1868 634 1954 695 ad
1977 632 2302 697 Solointem

196 723 658 803 promontorium
708 720 835 802 (aJL‘
884 718 1087 783 Erunt
1133 716 1333 780 forsan
1386 722 1492 802 qui
1551 718 1699 781 inde
1731 724 1857 798 jam
1919 718 2300 782 concludent

208 801 535 867 dierumet
570 806 801 866 itineris
824 808 1037 867 seriem
1072 808 1134 867 in
1158 802 1279 866 hoc
1316 802 1552 888 periplo
1582 820 1791 878 nostro
1817 806 2074 867 minime
2103 826 2297 868 accu-

207 901 327 951 rate
354 906 692 974 expressam
719 888 923 952 fuisse.
968 912 975 919 ·

292 992 314 1035 1
334 995 383 1036 1.
428 972 575 1055 Πρδς
600 969 879 1059 inim]
916 973 1117 1059 Atqui
1137 973 1287 1035 mihi
1312 970 1559 1037 videtur
1581 973 1994 1062 ambientibus
2016 972 2296 1038 Africam

208 1063 399 1121 omnis
442 1076 583 1144 post
618 1060 961 1123 Columnas
991 1063 1309 1141 navigatio
1346 1064 1660 1136 converti,
1703 1059 1805 1122 vel
1839 1058 1916 1121 ad
1944 1059 2297 1137 meridiem,

190 1140 302 1205 wel
334 1144 411 1207 ad
439 1166 762 1230 occasum,
798 1162 863 1207 et
897 1162 1206 1227 postremo
1250 1142 1330 1206 ad
1372 1142 1746 1227 aquilonem.
1782 1144 2070 1210 Hudson.

208 1260 215 1269 ·
287 1228 416 1291 Hic
454 1252 581 1293 non
609 1230 864 1293 haereret
888 1227 1157 1290 Hudson
1180 1272 1199 1301 ,
1228 1230 1278 1287 si
1316 1226 1708 1290 intellexisset
1734 1227 1983 1293 classem
2017 1229 2300 1296 nondum

208 1334 279 1377 ex
306 1310 465 1377 freto
492 1319 725 1377 exiisse.
751 1310 947 1375 Conf.
968 1332 1147 1393 supra
1183 1325 1314 1370 not.
1347 1309 1406 1371 8.

214 1430 221 1437 ·
297 1418 395 1461 12.
438 1394 743 1481 Σολόεντα]
780 1397 959 1457 Hinc
984 1398 1045 1455 in
1079 1392 1399 1475 Hesychio
1423 1439 1442 1469 ‚
1465 1387 1918 1471 anm-ricmiri&
1949 1394 2042 1464 τίϊς
2071 1394 2300 1471 Λιζόης,

206 1500 269 1544 et
296 1487 365 1545 in
389 1483 735 1545 Ptolemaeo
761 1527 780 1556 ‚
808 1474 1086 1543 Σολοεντῖοι
1118 1467 1304 1565 οἷἰιροι,
1337 1496 1397 1540 et
1425 1476 1718 1541 Σολυένποι
1753 1479 1996 1562 populi,
2075 1488 2307 1546 uamvis

210 1564 545 1651 utrumque
566 1565 645 1629 ad
676 1563 993 1627 meridiem
1020 1579 1331 1627 removeat
1349 1570 1512 1646 justo
1529 1562 1790 1646 longius.
1816 1563 2007 1648 Apud
2088 1566 2307 1628 linium

210 1652 491 1737 Agrippa
536 1668 817 1733 corrupte
860 1647 1237 1711 Surrentiam
1282 1647 1565 1732 appellat.
1617 1648 1850 1713 Verum
1907 1670 2136 1712 nomen
2183 1668 2310 1713 erat

210 1730 461 1810 Σολόεις,
487 1735 655 1799 hebr.
688 1733 907 1816 :ambo
939 1756 1123 1821 rupes.
1155 1732 1439 1797 Bochart.

296 1820 635 1904 Multiplex
678 1836 768 1881 est
802 1818 981 1898 hujus
1025 1824 1293 1882 nominis
1342 1816 1559 1880 forma.
1585 1817 1778 1901 Apud
1819 1816 2144 1903 Scylacem
2172 1820 2314 1903 (b),

208 1905 436 1989 legitur
480 1903 534 1965 ‘ni
576 1902 843 1969 Σολοέσοιν
877 1893 1090 1990 ἄκραι,
1138 1903 1311 1989 quod
1348 1902 1676 1967 emendare
1710 1896 1792 1965 Is.
1825 1904 2081 1967 Vossius
2111 1905 2314 1968 voluit

214 1985 474 2055 Σολόεντα,
504 1987 915 2065 restituendo,
938 1987 1083 2051 ideo
1112 1988 1285 2073 quod
1312 1987 1477 2050 infra'
1493 1987 1657 2073 apud
1682 1988 1968 2051 eumdem
1987 1988 2314 2072 Scylacem

214 2074 514 2137 scribatur
548 2075 655 2139 Xmi
680 2068 978 2143 Σολόεντος.
1007 2072 1169 2136 Illud
1198 2077 1693 2158 promontorium
1717 2074 2056 2138 Ptolemaeo
2085 2085 2312 2137 Σολοεν-

213 2153 299 2222 τίοι
318 2150 471 2245 οἵκροι
491 2159 832 2244 adpellatur
846 2205 865 2235 ‚
895 2158 1201 2243 Hesychio
1223 2154 1490 2227 ΣολυνἼίς.
1513 2160 1758 2243 Nempe
1779 2180 1921 2223 vere
1941 2158 2315 2238 adjectivum

212 2260 304 2306 est
340 2242 601 2321 Σολόεις,
649 2249 821 2325 cujus
862 2249 915 2307 si
954 2243 1301 2308 hebraicam
1345 2242 1785 2326 etymologiam
1813 2293 1832 2320 ,
1871 2248 2036 2331 rupis
2071 2266 2313 2307 sensum

212 2327 608 2403 referentem,
638 2350 713 2391 ex
742 2328 1051 2393 Bocharto
1074 2331 1171 2413 (c)
1202 2328 1523 2403 admittas,
1564 2328 1709 2392 huic
1733 2328 1922 2393 verbo
1945 2334 1993 2391 si
2037 2328 2316 2393 nificatio

212 2417 377 2487 erit,
434 2435 607 2499 asper
637 2414 897 2500 rupibus.
957 2414 1125 2491 Quae
1168 2418 1339 2478 vocis
1384 2433 1601 2476 natura
1645 2414 1937 2497 singulari
1979 2352 2316 2477 ibrmarum

213 2500 501 2560 varietati
526 2497 731 2561 locum
758 2498 955 2562 dedit.
981 2498 1203 2576 Quum
1234 2493 1453 2569 Σολόεις
1472 2496 1644 2560 adest
1657 2531 1681 2575 ,·
1705 2498 2106 2563 subaudiatur
2132 2498 2316 2568 π’ποςε

215 2580 385 2667 apud
413 2581 730 2666 Scylacem
752 2583 1017 2667 pendeat
1048 2580 1312 2647 Σολόεπιν
1338 2606 1373 2646 a
1397 2586 1677 2667 proxima
1699 2606 1855 2647 voce
1892 2574 2067 2670 ἄκραν
2082 2608 2101 2661 ;
2128 2606 2318 2669 quam

214 2668 551 2731 lectionem
585 2668 947 2732 servandam
986 2690 1115 2732 esse
1140 2690 1391 2744 censeo,
1431 2672 1711 2752 quamvis
1739 2672 1797 2729 in
1842 2674 2066 2753 pagina
2099 2668 2319 2731 eadem

216 2750 500 2822 Σολόεντος
535 2757 793 2837 reperias
827 2776 939 2838 pro
974 2752 1245 2836 ejusdem
1272 2754 1394 2815 loci
1429 2751 1508 2815 ad
1551 2752 1861 2817 ellatione.
1900 2754 2114 2816 Potuit
2152 2758 2320 2817 enim

219 2836 452 2918 Scylax
486 2856 811 2923 utramque
846 2841 1015 2904 vocis
1048 2837 1305 2901 formam
1337 2837 1415 2899 ad
1445 2776 1762 2901 arbitrium
1790 2858 2095 2923 usurpare.

234 2960 241 2966 ·
303 2921 473 2985 Illud
512 2923 680 2987 idem
734 2928 1225 3006 promontorium
1267 2946 1434 2986 nunc
1471 2922 1708 3010 Sparte!
1741 2926 1989 3000 vocari,
2023 2923 2326 3009 permulta

223 3029 337 3069 nos
370 3006 618 3071 docent.
654 3009 840 3071 Hanc
866 3006 1251 3074 doctissimus
1281 3012 1377 3071 vir
1408 3007 1791 3073 ‘Gossellinus
1831 3012 1936 3093 (d)
1958 3014 2324 3073 sententiam

220 3114 395 3154 suam
435 3114 577 3155 cum
610 3093 815 3156 multis
850 3098 1219 3177 argumentis
1248 3138 1267 3167 ,
1316 3111 1450 3155 tum
1499 3092 1741 3156 duobus
1794 3093 1884 3156 his
1933 3094 2327 3180 sequentibus

225 3176 636 3242 confirmavit.
667 3180 753 3241 Et
776 3184 1044 3263 primum
1074 3201 1199 3241 non
1240 3182 1446 3263 potuit
1471 3178 1737 3257 Hanno,
1773 3178 1922 3241 dum
1945 3180 2154 3243 locum
2179 3178 2328 3259 ἱερόν

229 3262 534 3347 Neptuno
572 3264 839 3327 condere
889 3264 1075 3327 vellet
1110 3309 1129 3339 ‚
1182 3267 1568 3347 proeminens
1620 3281 1787 3327 terrae
1842 3286 2137 3327 cacumen
2197 3288 2327 3329 non

230 3346 481 3430 eligere,
521 3348 695 3412 unde
712 3370 860 3413 vere
880 3349 1293 3433 periculosum
1324 3353 1440 3411 iter
1472 3348 1844 3433 incipiebat,
1884 3368 1945 3415 et
1979 3374 2176 3414 novus
2213 3354 2332 3413 im-

232 3438 424 3495 mensi
464 3433 659 3495 litoris
708 3430 1017 3507 anfractus
1074 3432 1579 3518 protendebatur.
1629 3433 1886 3497 Deinde
1920 3435 2084 3499 hunc
2122 3436 2333 3498 locum

171 3518 175 3525 ’
233 3515 449 3580 clarius
480 3518 761 3602 depingit
780 3518 1143 3582 Herodotus
1161 3520 1277 3603 (e),
1315 3540 1509 3603 quum
1541 3516 1807 3603 Sataspis
1836 3524 2148 3594 meminit,
2191 3524 2334 3603 qui,

234 3622 307 3662 ex
355 3604 639 3688 AEgypto
686 3602 1042 3688 profectus,
1092 3602 1554 3691 postquamflad
1602 3604 1940 3668 Herculeas
1990 3604 2334 3667 Columnas

291 3804 355 3855 (a)
382 3802 498 3858 Scyl.
523 3816 618 3857 pag.
670 3814 691 3855 3
712 3831 725 3853 ,
746 3801 887 3845 Huds.
1382 3803 1450 3857 (d)
1479 3802 1710 3849 Rechercbes
1725 3817 1795 3847 sur
1813 3805 1853 3846 la
1874 3802 2134 3861 Giograplu'e,
2152 3816 2266 3849 tome
2285 3808 2305 3847 1
2319 3833 2334 3855 ,

288 3857 351 3910 (b)
379 3860 475 3912 1²23.
498 3872 579 3915 53,
648 3856 741 3901 ads.
1324 3870 1486 3915 pag.73
1503 3872 1604 3915 ›74-

294 3914 355 3966 (c)
384 3915 522 3969 Geogr.
550 3929 651 3960 sacr.
670 3916 746 3958 lib.
768 3928 816 3970 r,
846 3916 1129 3977 capae37,eol.
1152 3914 1251 3971 641.
1383 3918 1447 3973 (e)
1473 3918 1569 3958 Lib.
1599 3928 1674 3969 tv,
1707 3930 1798 3975 cap.
1815 3928 1906 3973 43.-
