2809 4642
1061 296 1545 352 numento.
2213 304 2355 373 157

270 474 273 479 Ι
355 396 580 461 Verum
628 414 699 460 ut
738 396 1057 461 decentius
1094 400 1157 459 in
1197 398 1315 462 hoc
1353 382 1603 481 negotio
1641 416 1940 472 versarer,
1977 401 2042 458 in
2081 400 2354 460 circum-

271 484 581 565 spiciendo
623 482 917 547 sollicitus
950 480 1079 557 fui,
1120 486 1223 545 cui
1266 500 1327 545 et
1360 503 1562 544 rerum
1597 484 1861 565 ipsarum
1894 498 1956 544 et
1988 480 2166 561 hujus
2198 498 2358 545 tem-

272 572 423 649 poris
460 585 523 631 et
558 568 916 647 hominum,
947 564 1029 631 ad
1058 589 1213 651 quos
1244 565 1587 651 pertinebat
1619 586 1692 628 ea
1729 587 1945 643 causa,
1975 570 2174 649 perito
2214 584 2358 630 tan-

267 674 447 735 quam
479 652 833 718 venerando
876 656 1143 728 censori,
1186 657 1489 715 rationem
1529 654 1698 713 istius
1746 654 1890 713 vitae
1928 672 2117 726 meae,
2167 674 2356 735 quam

262 742 591 821 occupavit
618 739 748 800 haec
773 758 952 815 cura,
992 736 1332 800 redderem.
1360 736 1466 798 Tu
1493 754 1728 811 autem,
1751 741 1850 797 vir
1871 756 2106 797 summe
2129 753 2190 797 et
2215 758 2354 799 eru-

266 820 594 900 ditissime,
623 827 852 903 primus
874 840 937 885 et
958 821 1237 897 ultimus,
1266 822 1384 885 hoc
1415 839 1504 885 est
1533 823 1780 895 unicus,
1805 820 1954 885 mihi
1983 841 2220 904 semper
2245 820 2356 882 ol>-

264 911 511 982 venisti‚
556 914 656 971 cui
683 931 744 971 se
774 899 1069 991 cogitatio
1101 924 1163 969 et
1190 911 1518 991 propensio
1545 926 1680 969 mea
1703 904 2134 989 agglutinaret.
2176 904 2352 968 Nam

258 1012 448 1073 quum
485 992 745 1056 honores
783 998 847 1055 in
868 996 1077 1076 patria
1108 995 1262 1075 gesti
1296 998 1418 1071 jam
1453 1012 1560 1075 per
1589 991 1811 1053 saecula
1845 994 2003 1053 sicut
2029 988 2353 1052 titulorum

264 1076 721 1141 multitudinem
744 1080 982 1141 nomini
1015 1082 1446 1159 stemmatique
1481 1092 1590 1137 tuo
1618 1072 2066 1159 suppeditantes
2095 1072 2356 1159 perinde

254 1176 329 1221 ut
350 1160 685 1225 abeodem
722 1165 1033 1237 exornati,
1063 1180 1123 1223 te
1148 1182 1395 1243 quoque
1427 1163 1825 1240 conspicuum
1857 1178 1918 1221 et
1947 1158 2353 1223 reverendum

262 1266 331 1305 ex
366 1244 497 1308 alto
518 1247 860 1331 praebean13
884 1263 1019 1306 tum
1045 1246 1369 1304 Musarum
1396 1244 1802 1303 contubernio
1821 1286 1838 1314 ‚
1861 1244 2028 1325 quod
2057 1262 2352 1327 perpetuo

258 1326 562 1407 dilexisti,
596 1336 663 1392 in
694 1329 921 1413 oculos
957 1342 1023 1388 et
1057 1326 1329 1407 linguam
1368 1346 1583 1386 eorum
1619 1330 1927 1397 omnium,
1960 1330 2067 1409 qui
2107 1327 2352 1391 easdem

254 1431 499 1488 amant,
536 1414 775 1475 delatus
804 1410 1095 1495 singulari
1132 1409 1405 1493 quodam
1437 1407 1761 1493 splendore
1795 1413 2064 1485 emines3
2099 1429 2161 1474 et
2201 1410 2354 1474 dum

245 1500 322 1557 in
350 1520 675 1559 sermones
710 1497 787 1559 de
814 1494 1033 1558 studiis
1059 1497 1269 1558 venire
1298 1516 1420 1556 non
1458 1492 1793 1570 detrectas»,
1825 1491 2058 1557 calidos
2091 1510 2151 1557 et
2185 1514 2352 1559 acres

252 1584 523 1663 ingentis
578 1580 892 1662 cujusdam
944 1579 1337 1640 sublimitatis
1390 1594 1452 1641 et
1505 1580 1739 1641 notitiae
1789 1578 1990 1639 radios
2044 1581 2108 1639 in
2159 1579 2356 1641 collo-

246 1668 580 1747 quenti-um
625 1684 873 1749 pectora
918 1668 1187 1747 inserens
1215 1710 1235 1739 ,
1278 1663 1540 1726 dimittis
1580 1684 1684 1727 eos
1726 1662 1996 1747 quadam
2038 1662 2356 1747 superfun-

248 1748 443 1819 dente
468 1774 529 1814 se
554 1752 652 1813 vel
690 1750 903 1811 laetitia
939 1746 1039 1812 vel
1069 1748 1480 1811 admiratione
1506 1746 1760 1811 defixos.
1797 1744 1871 1809 In
1899 1745 2122 1830 quibus
2161 1771 2354 1832 quum

250 1854 312 1895 et
339 1838 466 1917 ipse
492 1857 769 1909 censear,
798 1854 858 1896 et
882 1833 1141 1909 multos,
1167 1854 1322 1917 quos
1344 1831 1842 1894 familiarissimos
1880 1830 2079 1894 habeo
2095 1879 2115 1909 ,
2150 1855 2356 1897 nume-

246 1938 381 1979 rare
442 1923 625 1982 ossim
640 1940 660 1993 ;
684 1918 1034 1983 acceditea
1070 1920 1253 1990 rat-io,
1278 1916 1448 2001 quod
1475 1939 1632 1979 unus
1656 1934 1950 2001 superstes
1988 1918 2091 1997 (et
2115 1921 2354 1990 utinam

226 2001 389 2065 diu!
486 2026 763 2081 maneas,
802 2007 911 2087 qui
941 2001 1044 2065 vel
1068 2005 1413 2065 movissima
1457 1999 1732 2065 editione
1779 2020 2152 2084 occupatum
2197 2000 2352 2065 Vos-

247 2090 403 2149 sium
419 2134 439 2163 ,
474 2089 570 2151 vel
603 2087 891 2173 deinceps
926 2104 986 2150 et
1010 2090 1285 2162 noveris,
1318 2102 1379 2149 et
1404 2108 1478 2147 ex
1513 2090 1722 2149 animo
1757 2084 1930 2170 quod
1965 2108 2056 2147 res
2086 2102 2176 2147 est
2203 2108 2350 2170 pro·-

249 2176 543 2235 nunciare
577 2194 785 2257 queas.
832 2170 1033 2248 Quod
1071 2194 1263 2233 unum
1308 2192 1557 2254 precor,
1602 2188 1670 2233 ut
1714 2170 1820 2233 abs
1865 2187 1928 2233 te
1970 2168 2156 2234 liceat
2197 2172 2348 2233 mihi
2399 2212 2406 2221 -

246 2257 643 2320 contendere.
940 2312 945 2319 .
1196 2282 1205 2289 ·
1368 2284 1371 2292 ·

335 2340 413 2401 In
456 2364 531 2403 eo
566 2363 829 2424 namque
868 2339 1135 2403 difficilis
1176 2340 1325 2401 mihi
1362 2339 1496 2401 haec
1535 2362 1722 2403 causa
1764 2357 1896 2414 est,
1942 2339 2116 2427 quod
2153 2362 2348 2425 quum

252 2446 423 2485 anno
456 2442 675 2487 xxxix
695 2424 795 2486 hic
820 2424 1381 2509 Scylax-ederetur,
1419 2446 1546 2509 quo
1581 2425 1804 2487 honori
1844 2424 2229 2489 Salmasiano
2266 2427 2350 2489 le-

250 2512 575 2571 nocinium
608 2507 810 2583 fieret,
846 2529 904 2572 et
940 2508 1215 2593 Scylacis
1239 2509 1370 2571 haec
1405 2530 1590 2593 opera
1619 2506 1699 2571 ad
1721 2527 1960 2573 aetatem
1993 2516 2132 2573 satis
2155 2510 2348 2575 deco-

244 2596 381 2657 ram
408 2591 783 2669 eveheretur,
803 2611 1013 2677 postea
1035 2616 1201 2657 anno
1220 2609 1423 2658 'LVII-1
1449 2594 1632 2657 editae
1661 2597 1781 2655 sint
1803 2613 1962 2659 notae
1983 2595 2062 2658 ad
2085 2596 2348 2673 Melam,

244 2700 383 2762 quae
413 2702 521 2763 per
562 2682 843 2741 omnium
880 2700 1105 2741 novem
1140 2680 1460 2740 Musarum
1504 2679 1780 2741 horrores
1811 2684 2167 2743 memoriam
2206 2680 2348 2743 Sai-

244 2768 582 2825 masianam
632 2786 775 2826 cum
828 2762 1153 2846 multiplici
1201 2762 1502 2825 doctrinae
1556 2762 1786 2827 offensa
1833 2762 2230 2842 damnarent,
2278 2784 2344 2829 et

246 2852 573 2929 praesertim
603 2871 745 2910 cum
776 2847 1206 2931 objurgatione
1236 2847 1593 2911 Graecorum
1621 2854 2021 2933 posteriorum
2043 2848 2210 2913 hunc
2233 2870 2342 2935 pe-

246 2934 469 3013 riplum
503 2938 764 3020 cujusvis
798 2936 1000 3016 potius
1033 2954 1158 2996 esse
1197 2933 1556 3017 persuadere
1592 2933 1788 3015 velint
1821 2954 2006 3017 quam
2045 2931 2340 3016 Scylacis.

248 3014 545 3093 Quorum
570 3023 732 3100 prius
755 3040 1135 3102 unaquaeque
1158 3022 1378 3102 pagina
1400 3016 1622 3081 effectu
1647 3017 1903 3101 probare
1926 3036 2202 3096 conatur,
2225 3043 2340 3083 nec

242 3100 323 3162 ad
370 3124 484 3163 nos
512 3108 771 3185 pertinet
807 3127 823 3163 ι
867 3106 1160 3187 posterius
1182 3106 1253 3164 in
1284 3106 1682 3185 promissione
1717 3101 2122 3165 secundarum
2161 3127 2341 3169 cura-

241 3206 375 3247 rum
436 3186 609 3249 haesit
651 3188 1010 3272 hucusque,
1060 3207 1129 3249 ut
1173 3188 1365 3251 multa
1402 3187 1524 3249 alia
1550 3234 1570 3263 ,
1620 3186 1842 3271 quibus
1889 3188 2148 3271 aequales
2197 3212 2340 3253 suos

240 3275 467 3333 eximie
494 3271 738 3335 delusit.
770 3273 940 3335 Hinc
970 3295 1095 3355 quo
1118 3294 1241 3334 non
1274 3270 1620 3355 depressum
1654 3269 1864 3335 fuisset
1898 3273 2018 3337 hoc
2053 3296 2243 3359 opus,
2286 3279 2338 3336 si

242 3358 399 3419 intra
432 3355 839 3441 quaduaginta
858 3379 1090 3431 annos,
1125 3357 1347 3441 quibus
1372 3354 1601 3419 deinde
1637 3378 1702 3418 su
1749 3361 2002 3433 ervixit,
2037 3358 2335 3422 secundas

242 3446 367 3519 ejus
401 3464 575 3503 curas
606 3445 875 3505 nancisci
915 3444 1245 3526 potuisseti
1292 3442 1483 3505 Certe
1515 3442 1644 3505 haec
1723 3445 1811 3503 iu⁴
1829 3446 2100 3527 oportuit
2155 3460 2336 3505 cocta

241 3522 423 3587 fuisse
448 3529 513 3587 in
541 3526 843 3589 Vossiana
868 3526 1057 3591 domo
1074 3575 1092 3603 ‚
1132 3527 1289 3590 adeo
1314 3543 1381 3589 ut
1408 3532 1590 3589 etiam
1624 3532 1980 3609 persuaserit
2003 3531 2191 3611 patri,
2221 3531 2332 3611 qui

238 3611 305 3670 -in
331 3609 633 3673 historicis
702 3630 975 3697 ropterea
997 3607 1200 3696 graecis
1224 3612 1343 3673 huc
1369 3616 1578 3673 venire
1601 3616 1916 3686 sustinuit,
1950 3630 2049 3685 ut,
2084 3616 2334 3695 opinor,

241 3714 315 3765 ex
350 3700 595 3779 <ingestu
688 3698 755 3759 lii
796 3696 1079 3759 scriberet
1118 3697 1385 3780 aliquem
1421 3713 1564 3759 ante
1597 3696 1816 3760 saecula
1855 3718 1978 3757 non
2012 3699 2098 3757 ita
2140 3698 2333 3761 multa

240 3776 453 3843 fecisse
480 3780 603 3843 hoe
628 3778 1068 3867 compendium
1086 3826 1115 3866 ,ι
1154 3780 1322 3867 quod
1352 3784 1479 3865 ipse
1509 3779 1766 3866 perinde
1794 3804 1868 3845 ac
1903 3777 2061 3845 filins
2091 3780 2332 3847 Isaacus
