2809 4642
998 318 1089 369 m
1146 314 1588 371 seruet-zm.
2201 302 2339 393 167

142 472 147 479 -
257 442 509 493 veteres
552 438 917 519 propterea
953 446 1084 515 pro
1124 424 1414 515 antiquo
1449 420 1820 493 habuerint
1847 472 1865 504 ,
1905 425 2102 517 quod
2142 425 2342 497 illum

257 548 403 599 cum
432 529 821 621 antiquiore
852 526 970 599 illo
1008 525 1444 621 Hystaspidis
1465 577 1488 611 ‚
1513 544 1584 599 et
1615 550 1778 597 vere
1810 530 2104 623 antiquo
2127 580 2147 613 ‚
2179 526 2344 624 Scy-

252 631 388 701 lace
404 628 881 703 confuderintae
890 630 1102 701 Unde
1128 656 1299 729 ergo
1316 630 1432 701 illa
1445 628 2034 713 confundentium
2059 634 2341 727 opinio!

252 729 361 804 An
386 736 639 805 exinde
670 738 901 832 quod,
929 760 1093 805 cum
1114 755 1498 835 utrumque
1523 760 1702 837 opus
1732 734 2024 830 Scyllaeis
2039 735 2347 831 Caryan·
2423 816 2430 825 ,

251 839 479 909 densis
509 840 1029 925 inscriberetur,
1071 840 1166 912 ita
1198 842 1480 911 tandem
1504 837 1762 909 factum
1797 841 1884 911 sit
1914 860 1990 910 ut
2017 842 2091 911 in
2119 866 2346 913 unum

250 936 575 1037 idemque
612 968 792 1038 opus
825 963 1199 1037 utrumque
1230 946 1510 1015 tandem
1549 945 1881 1015 coaluerit
1915 952 1934 1013 ἒ
1984 946 2204 1039 Atqui
2251 948 2348 1015 ita

246 1044 457 1117 fiaisse
516 1048 785 1117 nullum
845 1050 1179 1119 habemus
1212 1098 1235 1131 ,
1282 1048 1396 1119 vel
1453 1047 1880 1119 levissimum
1946 1052 2345 1147 vestigium.

248 1150 557 1241 Tantum
593 1153 788 1222 abest
818 1170 901 1222 ut
941 1155 1321 1245 quicquam
1354 1154 1748 1221 vetustioris
1784 1151 2072 1245 Scylacis
2106 1152 2350 1246 Scylax

244 1255 627 1351 hodiernus
662 1258 1173 1349 acceperit‚·ut
1209 1278 1299 1321 ne
1334 1254 1618 1343 quidem
1660 1256 1898 1325 titulus
1949 1259 2097 1349 ipse
2157 1260 2350 1351 quic·-

246 1382 460 1450 quam
504 1350 929 1452 polliceatur
950 1360 1039 1425 de
1080 1356 1290 1451 rebus
1324 1356 1569 1425 indicis
1607 1374 1720 1425 aut
1757 1358 1930 1428 mari
1965 1361 2348 1451 ErythraeO,

244 1464 331 1531 de
358 1464 621 1555 quibus
646 1462 811 1529 solis
834 1460 1278 1532 vetustiorem
1306 1458 1535 1555 egisse
1559 1459 2152 1552 probavimuS.An
2180 1487 2350 1559 ergo
2453 1516 2470 1525 „

242 1567 541 1645 exinde,
586 1568 792 1657 quod'
810 1565 1143 1635 vetustior
1169 1562 1283 1633 ille
1308 1561 1554 1657 Scylax
1587 1564 2352 1657 penitusjnterciderit!

241 1667 353 1740 Ita
386 1666 675 1737 fortasse
715 1668 1109 1764 contigerit.
1154 1668 1370 1737 Unde
1412 1692 1583 1765 ergo
1631 1670 2023 1765 vetustioris
2067 1692 2355 1762 quoque

198 1840 208 1854 J
242 1769 547 1865 Scylacis
588 1790 725 1841 tam
767 1770 1138 1865 frequens,
1186 1774 1391 1841 etiam
1440 1774 1630 1865 apud
1670 1774 2024 1865 junioreS,
2076 1792 2157 1842 ut
2189 1776 2359 1844 vidi-

246 1898 445 1957 mus,
486 1877 861 1946 memoriass
906 1874 1115 1957 Non,
1150 1894 1227 1945 ut
1260 1878 1552 1969 opinor,
1605 1880 1804 1969 quod
1851 1877 2042 1947 illum
2091 1878 2226 1971 ipsi
2260 1880 2360 1946 vi-

247 1980 513 2060 derint;
546 1984 669 2049 sed
702 1983 899 2073 quod
925 2004 1011 2049 ex
1032 1981 1542 2075 antiquiorum,
1582 1997 1650 2047 et
1673 1978 1951 2073 Scylace
1977 1982 2358 2073 antiquiori

246 2084 460 2176 paulo
488 2084 851 2176 juniorum
870 2085 1165 2177 scriptiS,
1194 2110 1271 2153 ea
1290 2082 1553 2177 Scylaci
1573 2085 1939 2153 tribuenda
1966 2085 2353 2160 didicerint.

246 2187 499 2257 AEtatis
528 2206 672 2258 erat
702 2211 1084 2261 commune
1106 2190 1352 2258 vitium
1370 2241 1389 2273 ‚
1425 2188 1620 2283 quod
1643 2190 1960 2282 superiOr
1979 2190 2092 2257 ille
2116 2187 2358 2285 Scylax

244 2290 499 2361 fabulis
535 2294 845 2361 addictus
883 2290 1128 2375 fuerit,
1170 2311 1253 2361 ut
1290 2297 1429 2389 jam
1473 2293 1638 2362 alibi
1676 2295 2136 2363 ostendimus,
2175 2292 2356 2361 Inde

246 2392 512 2462 facturn
544 2448 564 2479 ,
611 2412 691 2463 ut
728 2414 832 2465 tot
872 2394 1168 2479 fuerint,
1222 2398 1353 2467 sub
1383 2398 1623 2491 primis
1649 2394 2355 2489 quoque‘Ptolemaei's

250 2498 694 2571 Mirabilium
725 2494 1127 2569 collectores
1148 2500 1707 2595 ,Theophrastus
1727 2552 1745 2583 ,
1777 2500 2186 2599 Antigonus
2214 2500 2359 2585 Ca·-

244 2601 535 2695 rystius,
588 2620 795 2695 atque
838 2602 1352 2686 CallimachUS‚
1396 2614 1522 2674 ἃς.
1559 2605 1665 2679 Ex
1705 2604 1809 2673 his
1852 2606 2142 2702 aliisque
2192 2602 2360 2698 (qui

248 2706 419 2774 olim
450 2708 810 2779 exstabant
840 2698 1047 2798 hu'jus
1084 2708 1319 2777 farinae
1355 2708 1596 2807 multi)
1636 2709 1854 2797 multa
1887 2702 2211 2801 poterant
2244 2730 2360 2778 ve-

162 2850 173 2863 ·
250 2812 555 2881 tusti'oris
604 2810 905 2905 Scylacis
949 2824 1357 2905 excerpere,
1406 2814 1611 2881 etiam
1657 2813 1992 2903 juniores,
2036 2789 2207 2905 Non
2252 2800 2362 2880 e‘st

136 2984 139 2987 ,
252 2938 429 3009 ergo
452 2938 574 2984 cur
607 2934 924 2984 nostrum
947 2968 965 3003 ,
1015 2919 1189 2985 adeo
1216 2940 1427 3010 quam
1460 2916 1788 2998 habetur,
1824 2917 2186 3009 antiquum
2223 2916 2364 2985 exi-

251 3016 614 3088 stimemus
636 3072 654 3102 ,
692 3022 887 3111 quod
918 3020 1117 3089 illum
1153 3022 1518 3115 antiquum
1548 3020 1962 3115 appellarint
1988 3022 2110 3115 qui
2145 3020 2358 3108 alium

250 3144 335 3191 eo
372 3120 840 3213 antiquiorem
870 3116 1084 3194 fuisse
1116 3125 1544 3195 nesciebant.
1583 3126 1733 3193 Imo
1772 3142 2163 3219 suspectam
2204 3126 2359 3215 ejus

247 3244 548 3325 tantam,
580 3245 841 3319 quanta
870 3224 1215 3298 ferebatur
1235 3283 1253 3315 ,
1295 3230 1772 3321 antiquitatem
1795 3282 1816 3313 ,
1859 3230 2090 3321 prodit
2119 3219 2362 3311 incerti

172 3418 179 3425 ο
249 3331 607 3425 scriptoris
655 3324 1124 3427 fragmentum
1156 3384 1177 3423 ,
1226 3336 1423 3427 quod
1473 3334 1546 3401 in
1596 3335 1803 3423 hujus
1858 3333 2088 3425 operis
2121 3313 2361 3401 'fronte

247 3429 585 3531 legimus.'
612 3434 679 3502 Is
706 3436 894 3503 enim
924 3440 1349 3533 argumentis
1382 3439 1858 3529 antiquitatem
1887 3436 2068 3521 illius
2097 3428 2359 3515 astruit,

251 3562 401 3606 non
453 3556 636 3606 certe
681 3538 775 3607 ita
817 3537 1123 3611 facturus
1160 3592 1179 3628 ,
1235 3542 1367 3611 nisi
1405 3539 1700 3611 fuissent
1744 3541 2064 3641 quig'eam
2099 3540 2178 3607 in
2227 3540 2362 3627 ‘du-

246 3640 443 3711 bium
488 3644 899 3716 revocarint.
2291 3710 2304 3740 ‚
