2809 4642
505 342 598 418 60
727 311 734 325 ¹
1033 320 1461 416 nonwun
1516 360 2029 413 nissam-Ario

501 467 726 558 ipsam
755 460 1044 556 quoque
1073 466 1255 534 illam
1288 462 1596 556 Cyranin
1630 464 1758 533 sibi
1786 462 2184 532 vendicasse
2212 460 2569 558 Carthagi—

503 567 799 638 nienses..
835 566 1508 663 Carthaginiensium
1532 565 1719 635 enim
1760 564 2257 635 narrationibus
2294 587 2374 633 ea
2414 588 2568 657 quae

507 668 713 738 habet
749 670 840 737 de
878 669 1135 762 Cyrani
1183 684 1469 760 accepta·
1494 665 1743 737 referre
1762 668 1929 761 -ipse
1970 689 2254 759 quoque
2298 667 2571 736 videtur

507 768 940 841 Herodotus&
960 770 1148 840 Hinc
1168 787 1394 840 autem
1426 771 1597 840 illud
1623 771 2093 841 tantummodo
2116 768 2527 864 colligemus
2549 817 2569 851 ,

507 874 961 965 antiquiorem
993 873 1360 942 'Hannone
1393 874 1579 941 illam
1620 873 1830 952 fuisse
1868 872 2234 963 Tyriorum
2292 870 2575 941 Cartha·
2608 954 2615 965 .

507 973 1068 1071 giniensiumque
1096 976 1196 1043 de'
1218 973 1451 1044 Cerne
1484 975 2005 1044 aemulationem.
2052 972 2390 1043 Caeterum
2422 998 2573 1042 non

505 1078 800 1169 proinde
835 1079 1024 1146 malae·
1046 1075 1212 1146 >fidei
1239 1077 1630 1145 absolvetur
1664 1076 1923 1145 Hanno
1945 1127 1964 1159 ‚
2009 1077 2132 1168 qui
2175 1094 2311 1145 tam
2344 1100 2575 1169 nupe-

505 1202 652 1248 ram
682 1179 946 1250 Cernes
979 1202 1148 1261 suae,
1201 1180 1342 1249 sive
1377 1177 1691 1271 Cyrenes
1714 1180 1800 1248 ad
1836 1176 2533 1247 montem-Atlantem
2554 1227 2574 1261 ‚

460 1316 464 1321 ·
506 1279 711 1377 fingit
757 1282 1094 1377 originem
1120 1332 1140 1365 ‚
1202 1304 1413 1373 quam
1460 1303 1589 1351 nos
1639 1298 1829 1350 tanto
1876 1281 2325 1372 antiquiorem
2360 1280 2579 1349 fiiisse

506 1384 816 1453 vicimus.
863 1383 1147 1454 Cernen
1191 1385 1374 1452 enim
1422 1387 1709 1476 eandem
1756 1406 1913 1451 cum
1962 1384 2172 1451 veteri
2213 1381 2581 1478 designare

504 1487 756 1568 voluit,
807 1510 969 1556 cum
999 1488 1182 1556 illam
1219 1486 1400 1555 lacui
1430 1488 1893 1577 propinquam
1922 1484 2129 1555 fuisse
2162 1484 2523 1555 fabulatur.

505 1720 552 1776 S.
591 1710 786 1769 XXIII.
823 1709 1092 1786 Periplum
1114 1749 1130 1771 ,
1159 1724 1276 1785 post
1303 1708 1573 1764 Hannonis
1599 1722 1827 1764 mortem
1852 1751 1869 1776 ,
1912 1708 2008 1765 sub
2034 1708 2171 1765 illius
2194 1710 2415 1764 nomine
2444 1729 2581 1765 con-

566 1786 583 1797 ²
809 1783 966 1841 finxit
994 1782 1210 1839 Graecus
1235 1782 1417 1860 aliquis
1447 1783 1969 1859 Carthaginiensium
1998 1782 2265 1851 studiosus.

531 2024 534 2031 -
608 1982 823 2052 Recte
836 2006 1061 2079 ergo,
1100 2000 1177 2051 ut
1205 1981 1493 2075 opinor,
1548 1982 1922 2054 Hannonis
1952 1983 2133 2051 illius
2162 1998 2421 2050 -aetatem
2462 1984 2586 2051 de·

507 2086 814 2180 signavi,
864 2086 996 2154 sub
1040 2087 1238 2175 cujus
1283 2086 1565 2155 nomine
1600 2087 1943 2179 periplum
1992 2100 2425 2154 commentus
2477 2103 2588 2154 est

478 2216 488 2223 ¹
507 2187 735 2278 junior
761 2187 1008 2278 aliquis
1041 2187 1398 2257 Hannone
1432 2184 1713 2257 Graecus
1750 2190 2100 2280 impostor.
2145 2186 2587 2256 Hannonem

509 2307 733 2360 autem
771 2292 996 2383 ipsum
1043 2313 1179 2385 ego
1226 2314 1265 2359 a
1302 2287 1542 2359 fraude
1594 2290 1889 2360 libenter
1924 2288 2365 2359 absolverim:
2408 2286 2588 2359 Sus-

507 2394 704 2485 picor
733 2385 1026 2460 omnino
1046 2439 1067 2473 ‚
1119 2410 1280 2484 post
1309 2393 1488 2461 illius
1516 2410 1599 2461 et·
1620 2393 1901 2489 collegat
1948 2392 2361 2461 Himilconis
2400 2415 2593 2461 rnor-

511 2512 648 2563 tem
675 2543 696 2574 ,
745 2520 790 2563 a
829 2491 1148 2563 Graeculo
1175 2496 1404 2587 aliquo
1438 2492 1669 2563 Siculo
1703 2494 2409 2591 Carthaginiensium·
2428 2512 2589 2564 stu-

454 2656 464 2661 -
509 2596 708 2665 dioso
735 2645 754 2676 ‚
814 2598 944 2665 sub
990 2597 1256 2667 illorum
1293 2596 1689 2667 nominibus
1726 2598 2029 2690 periplos
2074 2594 2281 2665 fuisse
2323 2620 2595 2690 suppo-

414 2694 422 2701 ’
450 2744 462 2751 -
509 2697 706 2777 sitos.;
733 2714 800 2767 et
813 2696 1100 2769 fortasse
1114 2723 1244 2792 pro
1267 2700 1587 2791 exemplo
1611 2697 1979 2768 Alexandri
2001 2697 2597 2794 MagnissNempe

429 2858 437 2863 .
508 2800 880 2870 Alexandri
921 2802 1240 2894 auspiciis
1295 2825 1634 2869 oceanum
1688 2801 2088 2871 orientalem
2132 2801 2597 2872 lustraverant

511 2900 868 2971 Nearchus
907 2922 1116 2994 atque
1157 2902 1629 2986 Onesicritus3
1674 2903 1758 2971 ab
1809 2904 1981 2973 Indo
2008 2926 2243 2995 -usque
2274 2906 2361 2971 ati
2395 2912 2615 2974 mare*

512 3002 952 3094 Erythraeum.
987 3003 1096 3074 Sic
1128 3006 1278 3075 vice
1306 3028 1505 3076 versa
1530 3004 2203 3102 Carthaginiensium
2220 3005 2596 3097 auspiciiS,

513 3128 814 3196 quorum
859 3107 1352 3203 navigationes·
1386 3126 1577 3177 erant
1620 3108 1692 3177 in
1733 3110 2162 3186 occidentem
2188 3125 2375 3176 -tunc
2404 3128 2605 3179 certe

514 3210 827 3279 omnium
873 3208 1326 3279 celeberrimae
1348 3259 1367 3291 ,
1432 3210 1857 3279 lustrandum
1912 3211 2194 3279 credidit
2220 3203 2606 3301 -impostor

515 3332 861 3381 oceanum·
899 3312 1394 3381 occidentalem
1430 3315 1513 3381 ad
1553 3335 1739 3380 mare
1776 3312 2082 3381 similiter
2122 3312 2552 3403 Erythraeum
2579 3364 2598 3395 ‚

513 3413 806 3483 exordio.
833 3412 1048 3481 ducto.
1077 3438 1118 3481 a
1159 3414 1535 3483 Columnis
1567 3415 1927 3483 Herculeis
1976 3440 1995 3481 t
2044 3431 2112 3483 et
2142 3416 2602 3484 lustrantium

515 3514 770 3588 ducum
792 3537 1096 3585 ‚numero
1123 3515 1332 3608 plane
1361 3515 1613 3607 simili,
1664 3517 2039 3585 Hannonis
2078 3533 2281 3608 atque
2329 3516 2605 3589 Himil-

516 3617 849 3689 conis.;1d
892 3640 1100 3709 porro
1150 3642 1434 3711 operam
1478 3620 1667 3687 dedit
1716 3618 2051 3712 impostor
2078 3667 2095 3699 ,
2164 3640 2309 3709 quo
2363 3623 2603 3716 magis

517 3718 812 3816 invicem
836 3722 1324 3804 convenirent,
1364 3738 1442 3789 ut
1472 3721 1931 3816 navigationis
1962 3722 2323 3811 utriusque
2359 3718 2607 3792 tenni-

521 3823 754 3899 nusin
785 3824 950 3893 mari
983 3824 1510 3894 constitueretur
1559 3822 1915 3913 Erythraeo.
1962 3822 2059 3891 Ita
2105 3823 2605 3919 navigationes

2554 4066 2583 4079 Q
