2809 4642
359 284 476 352 xiv
628 256 642 262 ”
1118 365 1124 370 ,
1183 298 1637 356 Ertsronffi

360 405 492 474 sibi
523 405 847 476 videntur
889 405 993 474 tui
1030 406 1398 476 vendicare
1446 401 1956 499 patrocinium,
2006 405 2135 498 qui
2174 401 2468 500 autiquo‘

355 508 478 579 illo
509 510 894 580 antistitum
927 508 1572 580 Dunelmensium
1551 533 1705 602 Jure
1739 507 2235 578 thalassiarchae
2260 510 2467 582 titulo

345 611 626 709 ,gaudes
661 631 729 683 et
762 615 1068 716 honore3
1110 631 1531 708 sperantque
1576 611 1923 696 futurum,
1978 630 2100 697 ut,
2152 631 2316 706 post
2360 632 2467 686 ta·-

354 717 554 786 bulas
589 719 854 788 votivas
882 719 1154 812 potenti
1184 717 1385 787 maris
1420 717 1716 788 domino
1750 738 2162 810 suspensas,
2194 742 2343 788 non
2374 719 2465 787 sit

352 824 551 916 quod
575 822 786 897 ullam
817 823 1150 915 deinceps
1178 839 1492 890 metuant
1513 821 1837 912 injuriam
1866 846 1883 902 3
1921 825 2047 890 sed
2076 821 2181 890 tui
2206 817 2461 892 favoris

339 927 522 994 'aura
557 924 754 1009 freti,
807 928 1049 996 eadem
1085 924 1406 997 felicitate
1444 948 1565 1014 ora
1598 925 1959 995 hominum
2001 925 2460 1017 pervolitent,

351 1051 494 1120 qua
531 1031 745 1100 maria
777 1031 1014 1099 omnia
1044 1029 1491 1102 circumvecti
1517 1027 2007 1098 fiaerunt.1Nec
2034 1027 2246 1121 plane
2272 1027 2459 1097 indi-—

351 1134 482 1228 gni
515 1153 684 1204 sunt
728 1135 854 1227 qui
885 1137 974 1214 ad
1009 1151 1111 1216 te,
1163 1133 1493 1218 nataiium
1538 1132 1955 1228 splendore,
1997 1131 2356 1224 animique
2392 1149 2463 1201 et

348 1235 491 1320 ioci
526 1239 938 1310 celsitudine
981 1239 1492 1332 conspicuum,
1532 1259 1609 1306 se
1649 1237 2033 1331 recipiant-3
2078 1235 2136 1304 si
2172 1235 2459 1328 quidem

349 1339 410 1432 is
428 1392 449 1425 ,
481 1342 609 1434 qui
632 1366 893 1440 >agmen
917 1353 1166 1414 'eorum
1191 1341 1421 1426 ducit,
1446 1341 1679 1438 regia,
1708 1359 1789 1410 ut
1811 1338 2061 1424 fertur,
2104 1342 2461 1432 majestate

349 1444 428 1534 in
467 1445 608 1516 illo.
631 1449 992 1534 decoratus
1028 1445 1236 1517 fuerit
1269 1447 1566 1539 imperio
1600 1494 1621 1527 ,
1669 1446 1867 1536 quod
1916 1443 2239 1514 Romano
2292 1443 2459 1514 olim

253 1581 256 1588 ·
347 1549 753 1648 ambiguam
790 1550 954 1622 fecit
979 1551 1280 1620 victoriae
1303 1549 1629 1642 palmam.
1662 1549 1814 1618 Mei
1850 1566 2089 1617 autem
2108 1549 2462 1641 si-imprae-

348 1655 730 1745 sentiarum
755 1655 929 1724 ratio
961 1653 1294 1723 habeatur
1314 1703 1333 1734 ‚
1379 1675 1533 1725 -non
1558 1656 1793 1748 deerat
1818 1651 2136 1746 profecto
2159 1653 2357 1744 quod
2388 1669 2461 1720 et

344 1777 462 1825 me
510 1761 597 1826 ad
630 1760 765 1827 hoc
803 1757 1297 1850 qualecunque
1335 1757 1877 1852 nuncupationis
1908 1752 2218 1826 officium
2256 1755 2459 1825 valde

343 1859 727 1953 impulerit.
768 1861 836 1930 A
875 1861 1110 1942 multis·
1158 1861 1445 1955 quidem
1484 1861 1687 1932 annis
1724 1861 2122 1932 vehementi
2165 1857 2458 1956 flagravi

345 1963 691 2056 desiderio
733 1964 1024 2085 publice
1059 1961 1485 2036 testificandi
1526 2017 1545 2049 ,
1609 1982 1955 2057 quantum
2015 1962 2455 2035 SKIRLOVIO

342 2059 611 2164 magno
651 2068 754 2138 tui
783 2069 1206 2138 antecessori
1237 2087 1597 2163 acceptum
1637 2070 1924 2139 debeo.
1968 2071 2165 2156 cujus
2204 2068 2289 2136 in
2343 2089 2457 2136 me

343 2168 852 2264 beneficiorum
899 2197 982 2242 ea
1025 2192 1132 2242 est
1183 2174 1649 2269 magnitudO,
1710 2190 1794 2241 ut
1845 2173 2129 2266 iniquus
2169 2193 2457 2266 prorsus

342 2274 507 2360 sim,
543 2277 600 2345 si
629 2300 779 2346 non
815 2277 932 2346 iila
957 2277 1253 2371 perenni
1287 2277 1481 2346 cultu
1515 2299 2049 2374 recognoscam3
2098 2277 2455 2372 ingratus,

343 2379 402 2446 si
429 2382 810 2450 nonomni
835 2379 994 2450 Ioco
1029 2398 1098 2450 et
1126 2399 1443 2474 tempore
1467 2380 1789 2475 praeclara
1822 2382 1965 2468 ejus
2007 2381 2083 2448 in
2123 2403 2277 2450 mea
2304 2394 2455 2448 stu·-

341 2483 531 2552 diola
555 2485 794 2554 merita
831 2486 1220 2579 praedicem.
1253 2484 1643 2576 Ecquando
1678 2502 1913 2554 autem
1938 2484 2160 2582 magis
2194 2505 2453 2577 oppor—

343 2599 551 2672 tune,
583 2613 798 2682 quam
828 2613 989 2658 cum
1029 2592 1117 2659 de
1142 2613 1356 2684 opere
1397 2613 1564 2684 cura
1603 2613 1758 2660 mea
1798 2606 2161 2682 utcunque
2192 2609 2451 2680 perpo-

337 2689 461 2759 iito
502 2711 732 2762 tecum
767 2717 976 2790 agere
1018 2717 1303 2763 necesse
1327 2693 1620 2763 habeam
1650 2699 1669 2760 Ξ
1714 2709 1835 2761 aut
1871 2695 2073 2783 cujus
2108 2691 2343 2784 potius
2373 2690 2449 2758 in

339 2795 574 2864 sinum
622 2799 797 2894 grati
837 2799 1308 2888 memorisque
1347 2799 1561 2866 animi
1606 2797 2082 2867 testimonium
2133 2796 2451 2887 depone-

254 2902 262 2908 ’
337 2922 521 2985 rem,
560 2924 775 2992 quam
813 2901 1034 2986 illius,
1076 2902 1190 2970 cui
1223 2902 1462 2969 datum
1504 2917 1608 2969 est
1646 2901 1965 2968 eamdem
2010 2897 2301 2991 implere
2343 2919 2449 2966 se-
2558 2987 2569 2998 ‘

337 3003 555 3088 dem,
610 3007 993 3100 eademque
1039 3029 1355 3100 premere
1406 3004 1757 3102 vestigia.
1738 3009 1757 3048 ²
1835 3002 2126 3075 Accedit
2154 3051 2172 3083 ,
2246 3003 2445 3093 quod

271 3165 276 3172 .
336 3107 626 3178 verebar
651 3133 744 3178 ne
769 3110 842 3179 in
871 3109 1084 3179 iiteris
1111 3108 1681 3178 humanioribus
1662 3108 1960 3176 maniter
1984 3128 2269 3203 operam
2303 3106 2445 3174 col-

335 3210 602 3283 Iocasse
635 3215 939 3298 viderer,
979 3215 1036 3284 si
1070 3214 1143 3282 in
1177 3215 1260 3282 iis
1294 3195 1716 3305 aliquamdiu
1746 3229 2091 3295 versatus,
2125 3209 2323 3278 illum
2362 3208 2442 3276 ii—

335 3333 704 3389 tenatorum
737 3337 1139 3413 parentem,
1193 3337 1261 3385 te
1294 3319 1682 3386 eorundem
1714 3315 2058 3388 fautorem
2094 3312 2437 3406 optimum

336 3443 485 3504 non
523 3424 945 3516 suspicerem
985 3441 1056 3490 et
1085 3442 1475 3513 venerarer.
1516 3420 1645 3488 Hae
1682 3421 1847 3489 mihi
1876 3443 2163 3500 caussae,
2204 3439 2331 3484 cur
2354 3439 2443 3486 ex

331 3525 582 3609 umbra
606 3539 971 3598 &secessu
999 3525 1294 3619 (pietatis
1321 3524 1667 3616 obsequio
1682 3523 1943 3618 potiuS,
1968 3544 2183 3614 quam
2210 3519 2439 3588 cultus

333 3629 688 3726 elegantia
709 3629 1172 3725 spectandus)
1221 3629 1296 3698 in
1324 3629 1565 3705 lucem
1598 3645 2202 3722 conspectumque
2240 3641 2436 3692 tuum

323 3735 746 3822 prodierim.
780 3757 954 3830 quas
981 3735 1078 3816 si,
1120 3756 1250 3828 pro
1275 3752 1394 3803 tua
1418 3733 1534 3804 illa
1558 3731 1939 3802 admirabili
1971 3728 2397 3800 humanitate
2414 3777 2435 3808 ,

321 3835 676 3935 benignus
715 3840 988 3925 audieS‚
1034 3857 1179 3908 tum
1214 3863 1379 3909 vero
1413 3837 1579 3908 mihi
1606 3855 1675 3906 et
1706 3837 1857 3930 ipse
1884 3833 2282 3931 plurimum
2295 3854 2447 3928 gra·
