2809 4642
925 337 1015 386 IN
1073 334 1565 388 ΗΑΝΝΟΝΕΜ.
2192 349 2219 413 5
2247 349 2269 390 ι

203 537 251 590 S.
286 526 436 584 XIX.
475 525 748 603 collegam
775 525 963 582 habuit
982 527 1072 586 hic
1097 525 1290 585 Hanno
1317 525 1697 584 fflmilconem.
1724 525 1785 582 In
1805 525 2122 604 Agathoclis
2143 515 2287 588 hello

667 601 826 657 duces
847 615 999 656 eraut
1019 616 1129 656 tam
1157 599 1347 656 Hanno
1377 620 1539 680 quam
1564 599 1817 659 Himilco.

309 751 545 842 Habet
583 791 816 843 autem
859 791 927 841 et
958 769 1155 842 aliam
1197 773 1572 843 Hannonis
1618 775 1819 862 hujus
1854 793 2089 844 notam
2143 773 2284 846 Pli-

212 877 388 946 nius.
435 875 603 944 Post
631 875 836 945 'verba
887 879 974 944 de
1024 875 1417 958 Hannone,
1470 877 1659 946 addit
1700 875 1857 946 ille'
1900 905 1916 944 τ
1970 879 2156 948 Sicut
2192 883 2289 950 ad

206 999 420 1050 extera
470 981 737 1074 Europae
787 980 1092 1048 noscenda
1137 986 1371 1050 missus
1414 980 1619 1049 eodem
1663 997 1926 1075 tempore
1964 983 2281 1053 Himilco.

207 1082 486 1175 Nempe
541 1102 882 1152 exterarum
936 1081 1209 1176 Europae
1267 1084 1595 1151 nomine
1594 1132 1613 1164 ‚
1674 1102 1902 1190 partes
1986 1083 2280 1178 Europae

206 1185 528 1281 intelligit
580 1181 878 1254 Oceano
938 1183 1286 1273 objecta3‚
1335 1208 1458 1250 seu
1510 1185 1675 1250 mari
1732 1187 2086 1266 exteriori3
2143 1212 2285 1280 qua

205 1286 464 1357 scilicet
522 1287 1041 1354 Mediterraneo
1088 1332 1107 1362 ‚
1181 1307 1303 1348 seu
1367 1284 1713 1363 interiori,
1760 1311 1940 1354 mare
1996 1292 2291 1368 exterius

207 1388 482 1484 opponi
531 1389 706 1455 solet
755 1411 794 1452 a
845 1383 1281 1481 geographis,
1336 1381 1419 1451 Id
1460 1407 1630 1480 ergo
1675 1385 1866 1467 vult,
1921 1411 2064 1477 quo
2118 1407 2287 1458 tem-

204 1515 385 1583 pore
411 1511 598 1557 oram
628 1487 850 1578 Libyae
869 1538 886 1568 ,
933 1511 1086 1578 quae
1111 1485 1404 1554 Oceano
1428 1485 1911 1579 proluebatur,
1940 1491 2289 1564 meridiem

99 1673 112 1680 α
208 1604 456 1660 versu's
509 1609 714 1682 atque
767 1590 1100 1658 orientem
1136 1589 1444 1658 lustravit
1474 1589 1768 1670 Hann0‚
1820 1593 2066 1660 eodem
2100 1617 2291 1661 oram

211 1695 508 1786 Europae
539 1693 1031 1762 occidentalem
1073 1691 1823 1785 septentionalemque,
1870 1718 2009 1786 qua
2037 1696 2293 1766 scilicet

207 1799 416 1865 etiam
463 1797 610 1888 ipsa
655 1795 982 1890 vergebat
1030 1798 1114 1864 ad
1158 1791 1578 1878 Oceanum,
1628 1795 1945 1864 lustrasse
1982 1797 2291 1867 similiter

206 1899 707 1968 Himilconem.
771 1895 859 1964 Et
918 1897 1183 1989 scriptis
1237 1921 1429 1964 suam
1492 1897 2005 1994 navigationem
2062 1901 2291 1972 consi-

207 2026 460 2100 gnasse
485 2002 688 2070 docet
711 1999 952 2069 Festus
983 1999 1352 2068 Avienus²‘.
1388 1990 1809 2069 Punicorum
1850 2003 2133 2070 annales
2160 2019 2284 2098 ap-

202 2105 420 2196 pellat
453 2102 734 2184 Festus,
775 2102 1010 2170 unde
989 2125 1135 2194 ipse
1163 2105 1471 2193 quaedam
1511 2106 1598 2171 de
1629 2103 1754 2172 hac
1794 2089 1931 2172 Ora
1957 2110 2285 2176 maritima

199 2208 514 2284 ediderit.
567 2203 635 2275 Si
681 2206 773 2273 ita
820 2205 1222 2298 appellarit,
1283 2207 1476 2295 quod
1524 2205 1761 2302 lingua
1805 2203 2071 2276 Punica
2118 2232 2286 2278 con-

203 2329 412 2401 cepta
456 2307 749 2378 fuissent
775 2359 794 2389 ,
845 2331 922 2374 ea
965 2328 1170 2374 causa
1219 2308 1378 2376 satis
1422 2307 1799 2377 verisimilis
1840 2333 1988 2378 esse
2024 2311 2282 2402 potuit,

195 2435 336 2478 cur
381 2409 636 2479 tamdiu
684 2405 956 2478 Graecos
999 2409 1266 2478 latuerit
1315 2409 1664 2492 Himilco,
1714 2411 1915 2478 etiam
1962 2411 2112 2480 illos
2160 2414 2283 2504 qui

201 2513 494 2610 coll‘egae
541 2513 974 2580 meminerint
1005 2511 1395 2580 Hannonis.
1440 2507 1572 2580 Sed
1610 2511 1917 2610 linguam
1950 2511 2282 2584 Punicam

200 2617 386 2685 nihil
414 2633 516 2685 est
541 2625 663 2683 cu'r
701 2611 975 2684 Festum
1012 2613 1429 2683 intellexisse
1463 2613 1878 2683 arbitremur.
1903 2613 2070 2686 Non
2096 2636 2280 2686 certe

103 2716 108 2720 ’
197 2719 476 2788 videtur
503 2707 916 2788 intellexisse
952 2715 1252 2796 Plinius,
1290 2717 1412 2808 qui
1446 2732 1672 2783 tamen
1716 2715 2127 2788 Himilconis
2162 2743 2283 2812 pe-

199 2821 464 2914 riplum
499 2821 746 2890 viderit
789 2819 1040 2912 pariter
1091 2843 1170 2888 ac
1207 2817 1603 2886 Hannonis.
1649 2819 1851 2887 Illum
1896 2839 2075 2888 certe
2125 2813 2277 2890 cum

203 2918 568 2991 Hannone
617 2923 986 3016 conjungit
1019 2970 1037 3000 ,
1085 2939 1535 3012 recensetque
1576 2921 1752 2990 inter
1797 2941 2107 2992 auctores
2160 2948 2281 2992 ex-

198 3045 446 3094 ternos
489 3049 526 3092 e
571 3023 822 3116 quibus
863 3023 1112 3092 librum
1147 3027 1288 3116 ,vum
1336 3024 1713 3120 collegerit.
1752 3025 1920 3094 Non
1966 3046 2067 3096 est
2110 3049 2281 3122 ergo

199 3129 451 3196 Festus
487 3125 576 3196 ita
606 3125 1098 3221 intelligendus
1129 3127 1324 3216 quasi
1357 3149 1479 3194 sua
1520 3149 1557 3193 e
1592 3127 1835 3223 lingua
1866 3128 2279 3197 Himilconis

198 3232 429 3322 patria
466 3230 917 3298 transtulisset
941 3278 960 3309 ,
1008 3252 1160 3297 cum
1194 3232 1435 3296 eadem
1461 3276 1481 3307 ‚
1530 3228 1656 3296 alia
1692 3248 1877 3299 certe
1901 3253 2108 3320 quam
2143 3229 2280 3297 Pu-

197 3335 366 3402 nica
399 3333 682 3428 lingua,
720 3331 980 3399 Plinius
1026 3333 1158 3419 iam
1195 3329 1356 3398 olim
1399 3345 1559 3397 ante
1592 3330 1866 3400 Festum
1891 3333 2276 3423 usurparit.

195 3434 644 3504 Punicorum
661 3433 954 3502 *annales
981 3433 1094 3502 ille
1128 3431 1284 3502 satis
1307 3437 1621 3530 congrue
1634 3423 1989 3524 'appellare
2015 3434 2279 3528 potuit,

199 3538 334 3628 qui
367 3560 474 3604 res
524 3535 898 3604 Poenorum
927 3586 964 3618 ‚,
1007 3536 1078 3604 id
1120 3554 1268 3617 est,
1325 3532 2003 3630 Carthaginiensium
2038 3588 2055 3617 ‚
2106 3545 2282 3624 qu'a-

193 3642 820 3730 cunque-demum
848 3639 1088 3732 lingua
1117 3687 1134 3718 ,
1181 3637 1524 3729 complexi
1570 3635 1879 3707 finissem.
1921 3639 2283 3707 Nec-'sane

289 3839 304 3860 ⁸
337 3829 479 3910 l'lin.
514 3829 642 3886 Nat.
673 3829 804 3886 Hist.
847 3843 916 3894 11,
951 3847 998 3883 c,
1033 3830 1118 3902 67.
1170 3857 1244 3868 —
1303 3829 1374 3894 ²(
1403 3825 1509 3881 Ora
1537 3830 1693 3881 marit.
1734 3847 1782 3880 v.
1822 3827 1919 3881 τιὸ
1950 3831 1989 3894 ).
2034 3833 2039 3840 “
2072 3829 2075 3836 “
2106 3805 2113 3812 ¹

1865 3943 1919 3992 D
1943 3925 1977 3965 *
