2809 4642
1062 314 1550 368 Dssoch-Tio.
2215 325 2352 389 159

268 411 461 474 abitur
494 412 573 475 ab
616 411 910 494 Scylace,
956 432 1139 495 quem
1188 413 1501 475 habemus.
1545 408 1716 473 Nam
1755 411 1856 475 hic
1901 416 2120 485 incipit
2161 436 2290 477 eam
2320 440 2358 480 a

268 496 605 579 Dardano)
644 496 754 562 ubi
774 518 837 559 se
860 499 1025 559 miris
1054 496 1251 559 modis
1276 501 1556 559 innectit.
1585 493 1765 573 Quid
1792 500 1959 559 enim
1987 496 2203 561 clarius
2225 500 2356 565 dici

258 598 486 663 potest,
530 603 715 667 quam
752 582 938 644 habet
985 600 1190 645 noster
1238 580 1467 665 Scylax
1507 584 1522 643 Σ
1578 580 1903 644 Praemittit
1942 580 2048 645 ille
2091 576 2355 663 Reme,

260 662 349 738 ’tou‘
388 664 440 728 w*
482 668 625 746 ςὸμα
660 662 819 731 -καπὶ
852 662 1011 731 §metir
1056 665 1149 736 ἰἱῖς
1181 662 1552 745 Πρρπψίῶς
1601 666 1750 731 πῦπί
1783 670 1856 731 ist
1901 692 1917 727 ε
1967 667 2112 731 hinc
2160 674 2356 752 pergit

258 748 493 817 &maan
534 752 596 813 δῖ
633 750 831 832 Τρωοὶς
863 742 1109 839 ’ἂρχεπιμ
1148 753 1249 815 An
1284 750 1526 817 ἐντεῦθεν
1561 774 1684 813 non
1717 772 1805 814 est
1829 748 1935 817 8.πό
1975 752 2077 822 τίἷς
2111 752 2351 819 'Aelim

244 832 295 921 ᾖ
340 832 397 898 ’ἦ
442 832 707 916 stimate!
764 860 842 899 an
894 841 1042 921 quia
1091 837 1462 904 Dardanum
1501 842 1757 920 primam
1811 837 2078 900 Troadis
2125 855 2309 905 vocat
2331 842 2374 919 ,'

256 918 390 982 ideo
438 923 521 983 ab
572 944 645 985 ea
689 923 859 985 illam
903 926 1169 1005 incipit!
1240 921 1562 986 Decidant
1600 922 2028 1005 loquutionem
2087 928 2348 1005 priscam

253 1004 475 1089 scholia
512 1006 835 1089 Apollonii
871 1006 1075 1069 Rbod.
1116 1008 1221 1071 lib.
1256 1026 1317 1081 1,
1377 1027 1480 1069 ιιι
1503 1028 1569 1090 5;
1613 1000 1709 1073 ιῖἆὶ
1761 998 1953 1086 Τρωοὶς
1997 1008 2106 1072 xm?
2136 1007 2352 1080 Μυσίας

242 1083 501 1178 ἒρχομίνη
540 1092 932 1177 offic-pupinus.
970 1090 1185 1177 ltaque
1216 1096 1434 1175 incipit
1465 1098 1630 1173 regio
1672 1115 1794 1154 non
1833 1093 1912 1155 ab
1949 1093 2122 1169 loco,
2164 1116 2351 1177 quem

251 1181 512 1257 primum
557 1200 735 1239 suum
789 1196 1123 1251 numerat,
1180 1175 1291 1237 sed
1337 1198 1524 1257 quem
1581 1194 1922 1239 extremum
1971 1197 2034 1241 et
2083 1184 2350 1243 maxime

250 1262 528 1323 vicinum
568 1266 849 1344 agnoscit
891 1266 955 1321 in
997 1260 1245 1332 alieno,
1287 1277 1355 1319 ut
1400 1256 1785 1319 facitnoster
1819 1284 2066 1344 quoque
2100 1262 2350 1345 Scylax.

254 1340 497 1430 Utique
542 1347 701 1409 Cius
746 1344 972 1405 fluvius
1014 1345 1201 1407 etiam
1238 1345 1301 1405 in
1340 1340 1564 1403 eodem
1611 1348 1996 1423 agnoscitur,
2054 1366 2232 1427 prout
2271 1348 2349 1411 Is.

244 1427 509 1491 Vossius
546 1429 631 1491 ad
668 1429 830 1490 hanc
868 1449 997 1493 tem
1034 1426 1323 1509 produxit
1350 1424 1718 1492 scholiasten
1759 1427 2082 1509 Apollonii
2119 1429 2352 1497 Rhodii

242 1512 329 1575 ad
358 1514 591 1575 librum
618 1517 883 1595 primum
907 1556 927 1587 ,
964 1516 1121 1576 inter
1146 1515 1494 1576 testimonia
1516 1554 1536 1585 ,
1569 1529 1630 1571 et
1665 1534 1863 1571 rursus
1889 1515 1951 1573 in
1981 1514 2156 1573 notis.
2187 1514 2350 1579 Sane

248 1602 443 1659 etiam
462 1597 540 1659 ab
559 1602 669 1661 ista
692 1599 969 1662 novitate
990 1614 1235 1659 tuentur
1259 1618 1395 1659 eum
1420 1592 1764 1681 Ἐκεχιιαὲίς
1781 1595 1860 1657 ad
1882 1595 2153 1657 Pontum
2177 1598 2356 1662 Euxi-

180 1738 187 1745 .
250 1704 444 1757 num,
487 1682 837 1745 indubitata
870 1685 1183 1746 vetustatis
1230 1700 1410 1754 nota3
1463 1678 1542 1741 de
1589 1702 1714 1762 quo
1757 1701 1980 1763 genere
2021 1699 2136 1747 est,
2185 1683 2354 1765 quod

248 1764 659 1829 Chalcedona
686 1770 995 1842 nominat,
1021 1788 1142 1827 non
1172 1766 1562 1847 Byzantium.
1591 1764 1780 1829 Hunc
1802 1761 2356 1848 igitursciiptorem

245 1850 327 1913 ab
364 1850 723 1913 doctissimo
750 1850 1109 1915 Hoeschelio
1136 1849 1369 1913 editum
1396 1872 1588 1932 quum
1613 1849 2052 1913 studiosissime
2083 1870 2143 1913 et
2166 1850 2353 1935 legis-

251 1952 339 1997 set
385 1940 686 1997 maximus
725 1935 1058 1998 Salmasius
1092 1954 1153 1999 et
1189 1940 1253 1999 in
1296 1938 1531 2017 scriptis
1570 1934 1826 1997 adsidue
1865 1934 2230 2016 produceret
2272 1936 2353 2001 ad

250 2020 486 2103 aliquid
522 2024 584 2081 in
624 2042 699 2083 eo
736 2019 1091 2083 docendum
1128 2041 1199 2083 ac
1239 2018 1641 2083 molliendum
1664 2066 1684 2094 ,
1731 2036 1792 2083 et
1829 2019 1971 2082 hinc
1995 2024 2127 2083 sine
2157 2021 2352 2086 dubio

249 2109 314 2167 in
348 2104 633 2167 familiari
657 2124 939 2169 sermone
958 2104 1442 2189 frequentissime
1461 2108 1880 2167 ostentavisset
1903 2105 2087 2173 alacri
2110 2112 2351 2185 juveni,

254 2188 510 2253 Vossius
544 2188 853 2269 adgressus
881 2207 969 2252 est
1005 2195 1125 2265 ita,
1169 2208 1237 2251 ut
1276 2188 1576 2269 judicaret
1615 2188 1842 2251 foedam
1877 2195 2162 2273 paginam
2189 2213 2349 2265 esse,

251 2270 393 2357 'quae
437 2297 562 2337 non
610 2274 717 2339 illo
755 2274 1177 2342 laudatissimo
1232 2277 1484 2337 nomina
1531 2270 1866 2355 effulgeret.
1923 2273 2112 2339 Unde
2157 2298 2350 2359 quum

253 2359 453 2419 multa
470 2357 738 2421 feliciter
772 2378 1011 2442 ageret,
1046 2382 1173 2419 non
1201 2362 1402 2442 potuit
1437 2378 1639 2424 tamen
1673 2375 1844 2421 tanta
1877 2379 2004 2421 esse
2043 2360 2348 2439 faustitas,

257 2460 333 2502 ut
362 2460 470 2503 aut
507 2442 789 2505 omnibus
824 2460 1166 2508 occurreret
1187 2488 1205 2516 ,
1248 2460 1357 2507 aut
1392 2443 1778 2507 inomnibus
1803 2490 1821 2517 ,
1853 2466 1991 2527 quae
2040 2461 2348 2527 tangeret,

256 2524 423 2589 bene
444 2531 835 2609 provenirent
863 2534 1151 2611 cogitata.
1180 2529 1351 2591 Hinc
1380 2533 1658 2591 certatim
1693 2529 1854 2589 illius
1888 2528 2026 2592 libri
2058 2553 2166 2593 usu
2211 2553 2398 2595 sucu

254 2615 587 2675 cinxerunt
619 2634 826 2696 operas
862 2634 997 2675 suas
1029 2632 1160 2675 tum
1194 2617 1553 2697 quicunque
1577 2611 1895 2699 χιώνπς,
1941 2630 2074 2675 tum
2100 2634 2350 2698 praeser-

253 2701 369 2762 tim
403 2695 734 2759 Cluverius
772 2704 987 2780 passim
1010 2720 1257 2783 quoque
1280 2696 1582 2761 adductus
1605 2698 1684 2758 ab
1711 2694 1961 2773 Vossio,
1985 2719 2116 2761 tum
2141 2720 2352 2783 postea

254 2781 658 2858 Holstenius‚
688 2782 1053 2858 Bochartus,
1079 2783 1410 2845 Palmerius
1435 2782 2000 2847 Grentemesnilius.
2027 2782 2100 2845 In
2127 2786 2350 2869 quibus

253 2865 359 2929 hic
390 2864 549 2932 adeo
584 2872 813 2931 amavit
834 2867 1159 2949 Scylacem
1178 2915 1196 2944 ,
1236 2886 1305 2931 ut
1326 2890 1464 2952 quae
1487 2872 1548 2931 in
1577 2866 1686 2929 illo
1716 2886 2056 2945 notaverat,
2109 2893 2229 2933 non
2253 2880 2350 2953 ju-

258 2950 563 3013 dicaverit
598 2957 739 3015 satis
784 2974 909 3021 esse
933 2998 953 3029 ,
998 2957 1047 3015 si
1090 2953 1277 3017 semel
1311 2958 1373 3015 in
1414 2952 1950 3015 exercitationibus
1989 2954 2348 3036 legerentur.

190 3094 197 3098 .
260 3033 582 3118 Repetivit
608 3042 791 3121 igitur
820 3060 959 3123 quae
984 3043 1186 3123 potuit
1216 3044 1279 3101 in
1312 3039 1626 3103 volumine
1663 3037 1741 3101 de
1781 3036 2021 3101 Graecia
2060 3045 2348 3125 antiqua3

256 3124 390 3183 imo
438 3137 499 3182 et
538 3126 693 3200 juvit
754 3144 895 3185 eum
947 3127 1285 3208 corrigere,
1346 3146 1482 3207 quae
1530 3130 1650 3203 jam
1703 3143 2042 3187 correxerat
2095 3126 2350 3189 Vossius

246 3227 387 3267 -non
444 3205 635 3269 modo
681 3206 841 3269 filius
864 3207 1032 3284 ,ised
1066 3227 1129 3271 et
1164 3206 1333 3293 quod
1370 3212 1434 3269 in
1489 3206 1682 3271 Suida
1724 3207 2147 3273 observaverat
2180 3232 2353 3295 pater

261 3288 577 3353 Gerardus
601 3297 665 3353 in
696 3292 997 3357 historicis
1020 3298 1223 3376 graecis
1241 3340 1259 3368 ‚
1292 3291 1507 3357 debuit
1531 3315 1776 3377 quoque
1801 3300 2071 3377 conspici
2096 3318 2227 3378 pag.
2254 3317 2271 3357 1
2295 3316 2349 3359 ι.

258 3374 357 3437 Ita
402 3376 638 3439 scilicet
679 3378 998 3461 oportebat
1035 3377 1185 3441 fieri.
1222 3378 1558 3441 Bochai-tus
1596 3378 1871 3459 religiose
1907 3380 2219 3455 observat,
2273 3402 2351 3443 ne

253 3482 450 3543 quem
486 3461 692 3524 locum
718 3461 1067 3527 advocandi
1106 3462 1377 3546 Scylacis
1400 3468 1849 3546 praetermittat,
1885 3482 1944 3527 et
1977 3465 2084 3525 ubi
2121 3486 2207 3525 res
2237 3462 2349 3527 fla-

260 3548 449 3625 gitat,
494 3568 741 3611 manum
766 3570 1013 3632 quoqne
1038 3552 1474 3613 instaurantem
1507 3548 1834 3615 admovere
1857 3562 1980 3611 non
2009 3567 2349 3612 cunctatur.

262 3628 667 3693 Holstenium
701 3652 1076 3716 quantopere
1106 3632 1539 3709 oblectaverit,
1591 3654 1782 3717 nuper
1821 3637 2080 3715 contigit
2112 3632 2349 3711 videre,

260 3736 461 3796 quum
481 3735 761 3801 postuma
792 3724 919 3799 ejus
944 3718 1043 3781 hic
1065 3719 1162 3782 vel
1182 3717 1793 3807 Romae--qderentun
1819 3722 1924 3801 qui
1949 3718 2046 3779 vel
2066 3718 2197 3783 sola
2229 3720 2352 3785 Ce-

264 3800 457 3863 stride
485 3806 735 3885 regione
766 3803 1079 3886 intumis
1112 3808 1385 3871 restituta
1416 3809 1744 3891 aequiparat
1771 3806 2052 3867 omnium
2085 3808 2349 3895 ingenia.
