2809 4642
926 313 931 327 Ι
958 364 1069 417 IN·
1110 362 1554 419 SCYLACEM.
2167 374 2189 419 ι
2209 362 2258 441 7'
2272 374 2296 443 5

224 474 487 544 cesserit
540 472 619 540 in
667 472 1005 541 ditionem
1053 470 1744 568 Carthaginiensium
1786 522 1806 554 ,
1887 472 2210 543 discimus
2271 500 2313 545 e

221 576 549 649 Strabone
570 578 621 645 ¹.
659 574 783 645 Ait
806 576 998 645 enim
1032 572 1436 661 ςφαπύσιιντας
1461 598 1622 643 cum
1645 600 1734 645 eo
1759 575 2312 675 Carthaginien—

224 706 321 751 ses
380 681 779 754 Turdetanos
826 687 1143 777 argenteis
1185 678 1582 774 praesepibus
1631 700 1698 749 et
1749 680 1948 751 doliis
1998 706 2147 751 usos
2199 685 2315 753 de—

208 786 629 881 prehendisse.
668 784 889 854 Erant
936 806 1109 881 ergo
1154 785 1232 853 in
1290 806 1532 853 eorum
1591 808 1890 885 numero
1941 786 2314 857 Turditani

221 912 391 1007 quos
439 914 591 958 non
622 890 853 970 πειθοῖ,
898 892 1023 958 sed
1055 891 1291 975 πολέμῳ
1317 939 1337 973 ,
1384 890 1462 957 in
1502 906 1732 981 partes
1765 888 2317 1012 Carthaginien-

218 994 389 1061 sium
421 994 769 1090 coegerit,
804 993 1073 1085 quique
1096 994 1297 1063 inviti
1334 990 2079 1091 Carthaginiensium
2057 1018 2314 1091 jugum

219 1098 569 1168 subierint.
622 1097 1015 1182 Quomodo
1062 1120 1239 1193 ergo
1284 1098 1605 1165 nondum
1652 1098 1898 1167 domiti
1945 1096 2374 1195 Carthagi-¹

212 1201 567 1271 niensium
608 1216 1015 1293 paterentur
1062 1200 1421 1289 emporia.
1404 1207 1422 1243 ²
1485 1197 1636 1266 Imo
1673 1218 1820 1269 tum
1853 1205 2139 1271 demum
2189 1202 2316 1271 ob-

216 1324 559 1376 servatum
592 1306 728 1371 hoc
766 1326 807 1370 a
840 1300 1548 1395 Carthaginiensibus
1577 1303 1816 1370 scribit
1847 1326 1886 1371 e
1915 1328 2147 1374 rerum
2177 1330 2318 1425 pu-

210 1392 531 1477 nicarum
582 1404 1071 1500 scriptoribus.
1098 1404 1323 1487 Quod
1356 1400 1504 1471 fieri
1539 1426 1690 1471 non
1736 1406 2014 1497 potuit,
2074 1409 2128 1475 si
2177 1411 2315 1498 jam

212 1512 381 1579 oiim
416 1509 971 1578 Turditanorum
1009 1507 1447 1581 commerciis
1485 1524 1556 1575 et
1587 1508 1916 1601 emporiis
1958 1508 2322 1607 Carthagi-

206 1613 501 1683 nienses
528 1612 1005 1681 assuevissent.
1035 1611 1204 1679 Haec
1228 1634 1399 1708 ergo
1426 1611 1728 1681 scribere
1753 1634 1846 1687 ne
1879 1614 2166 1705 quidem
2195 1638 2324 1707 po-

206 1718 351 1786 tuit
390 1735 634 1787 noster
666 1732 829 1785 ante
856 1736 1119 1783 annum
1155 1713 1365 1787 Varr.
1402 1712 1568 1805 516.
1603 1715 1864 1809 olymp.
1915 1734 2206 1798 CXXXV,
2235 1720 2319 1817 -ξ,

208 1844 361 1911 quo
409 1818 927 1913 expeditionem
968 1818 1155 1888 issam
1190 1818 1266 1913 in
1319 1818 1736 1912 Hispaniam
1779 1820 1948 1889 fecit
1987 1822 2320 1893 Amilcar.

211 1922 367 1992 Imo
408 1942 571 2017 post
610 1944 877 2007 annum
922 1922 1118 1991 illum
1178 1924 1492 2017 emporia
1532 1922 1647 1992 issa
1683 1926 2062 1994 constituta
2105 1924 2323 1995 fuisse

212 2028 793 2097 verisimillimum
820 2044 927 2095 est
956 2051 976 2093 :
1019 2044 1221 2095 antea
1254 2044 1486 2095 tamen
1519 2050 1733 2119 quam
1769 2028 2129 2123 Hispaniae
2155 2052 2322 2123 pos-

213 2133 527 2201 sessione
560 2132 763 2199 omni
786 2128 1213 2224 pellerentur
1242 2152 1282 2198 a
1312 2126 1644 2223 Scipione
1666 2130 2000 2203 Afiicano
2031 2136 2317 2226 majore.

216 2233 448 2317 Quod
486 2235 747 2304 factum
788 2258 981 2303 anno
1013 2232 1315 2303 Varron.
1370 2232 2156 2330 548,01ymp.cx1.111
2186 2288 2206 2321 ,
2243 2278 2316 2359 3.

214 2336 475 2409 Postea
503 2356 825 2458 poterant
850 2339 1187 2407 victorum
1222 2338 1660 2435 benignitate
1707 2340 2021 2433 emporia
2061 2344 2324 2411 consti·-

214 2457 373 2509 tuta
410 2443 737 2525 retinere,
786 2466 935 2511 non
980 2460 1211 2511 autem
1246 2443 1375 2511 alia
1406 2446 1496 2511 de
1531 2468 1722 2514 novo
1761 2446 2092 2515 condere.

213 2648 259 2707 ς.
301 2614 423 2699 VII.
468 2625 639 2700 Κελτοὶ
668 2624 1065 2709 Χηνλειφῖἔνπς
1094 2630 1199 2700 τῆς
1234 2625 1477 2713 §poemia
1519 2640 1680 2717 paulo
1715 2644 2042 2722 antiquiores
2076 2640 2326 2719 Polybio.

324 2817 552 2902 Quod
601 2841 816 2910 porro
864 2816 1265 2909 Tyrrhenos
1306 2838 1348 2881 a
1386 2815 1555 2884 mari
1602 2814 1972 2907 Tyrrheno
2017 2817 2328 2915 porrigat

216 2944 447 3012 usque
466 2923 554 2989 ad
568 2918 1061 3003 Adriaticum2,
1092 2942 1496 3011 quanquam
1515 2919 1604 2987 cl.
1627 2916 1998 2989 Gronovio
2016 2920 2322 2991 alienum

217 3024 537 3093 videatur
552 3049 589 3093 a
605 3024 1039 3118 temporibus
1062 3022 1337 3117 Polybii
1358 3075 1378 3107 ,
1401 3048 1550 3093 non
1569 3041 1674 3092 est
1691 3042 1922 3093 tamen
1941 3023 1998 3094 si
2018 3025 2324 3117 penitius

216 3132 670 3221 expendatur.
706 3128 860 3211 Imo
888 3128 992 3199 his
1033 3129 1259 3225 magis
1281 3146 1692 3225 congruunt
1727 3152 1940 3221 quam
1972 3127 2119 3197 aliis
2149 3129 2283 3200 illis
2301 3180 2322 3215 ,

182 3230 187 3237 ’
217 3255 376 3323 quae
416 3232 704 3313 volunt,
747 3230 1045 3325 Scylacis
1072 3233 1507 3325 temporibus
1545 3231 2078 3329 antiquioribus.
2112 3231 2326 3302 Certe

216 3358 365 3425 quo
391 3336 555 3407 loco
585 3337 897 3431 loquitur
934 3334 1268 3429 Polybius
1306 3338 1394 3405 de
1431 3335 1540 3405 sui
1575 3336 1906 3429 temporis
1957 3336 2324 3420 Hetruria,

219 3436 313 3506 ita
349 3441 563 3533 plane
582 3440 899 3537 quuitur
923 3459 1006 3511 ut
1028 3464 1301 3511 coaevus
1324 3440 1425 3509 ilii
1448 3436 1713 3532 Scyiax.
1737 3437 1850 3508 Sic
1876 3440 2064 3509 enim
2082 3440 2325 3509 habet.

217 3528 383 3628 Εξκς
416 3538 484 3611 Δὶ
518 3544 831 3641 Τυῤῥκνοί·
864 3539 1064 3619 τέπις
1100 3540 1168 3612 effi
1196 3544 1452 3631 συνεχεῖς
1489 3534 1745 3627 ἔκάπερν
1776 3572 1835 3609 π
1871 3541 2052 3627 κλίμα
2084 3542 2326 3631 νέμονἿα]

214 3646 734 3743 τῶνοροειρκμένων
758 3646 897 3746 ὅρων
920 3633 1207 3735 Ομξρριῖ.
1215 3647 1517 3719 Confert
1536 3649 1798 3719 scilicet
1815 3646 2328 3741 continuatque

216 3820 528 3963 Ὴῖδὲειιῐὲ.
539 3824 577 3881 1.
592 3836 689 3890 111,
718 3844 775 3901 p.
803 3842 896 3900 15«
930 3823 1019 3901 (p.
1044 3834 1182 3895 224,
1202 3820 1351 3896 fin..)
1394 3854 1472 3869 ·-—
1513 3818 2069 3896 ⁸Pag.6,Huc1s.---
2109 3820 2328 3896 3.Polyb
