2809 4642
848 467 1303 603 lsrAAcl
1382 507 1814 605 vossii

607 720 753 794 DE
819 682 1335 845 seYLAcE
1397 675 2037 839 PRAEFAjrlt').

281 1052 551 1177 Duos
600 1116 713 1179 tibi
752 1109 835 1179 do
876 1122 1226 1201 scriptores,
1262 1116 1564 1182 benevole
1607 1112 1800 1179 lector
1824 1160 1844 1190 ,
1879 1102 2200 1197 Scylacem
2245 1110 2374 1175 Ca-

279 1196 689 1279 ryandenum,
698 1202 1111 1285 geographum
1126 1204 1549 1283 antiquissimu
1559 1221 1618 1258 m
1633 1220 1652 1275 ;
1675 1215 1736 1261 et
1749 1198 2070 1282 Anonymi
2082 1195 2378 1281 fragmen-

278 1299 411 1343 tum
446 1281 529 1347 de
562 1284 1062 1365 PontoEuxino.
1118 1280 1410 1359 Quorum
1453 1280 1557 1363 ille
1589 1286 1710 1358 jam
1741 1280 1963 1343 multos
1993 1297 2138 1345 ante
2181 1302 2376 1343 annos

277 1363 487 1429 editus
526 1385 619 1431 est
642 1390 681 1429 a
706 1366 963 1444 Dayide
993 1364 1359 1429 Hoeschelio
1374 1410 1393 1439 ‚
1417 1385 1542 1427 una
1563 1385 1706 1425 cum
1741 1362 1880 1427 Geo
1949 1364 2176 1447 aphicis
2199 1366 2382 1425 Mar-

280 1453 451 1513 ciani
477 1448 901 1529 Heracleotae,
922 1470 985 1515 et
1008 1448 1267 1513 aliorum
1291 1474 1309 1511 =
1332 1448 1485 1513 alter
1510 1469 1658 1513 vero
1679 1468 1848 1511 nunc
1919 1467 2124 1511 emum
2147 1444 2371 1531 prodit.

276 1524 403 1595 Ille
441 1534 697 1617 quidem
733 1539 1199 1613 vetustissimus,
1246 1534 1347 1597 hic
1392 1536 1534 1595 satis
1577 1554 1807 1597 recens.
1849 1530 2129 1615 Uterque
2171 1549 2376 1593 tamen

278 1614 475 1677 laude
503 1616 759 1702 dignus3
788 1619 923 1697 ille,
956 1618 1130 1707 quod
1157 1642 1191 1683 e
1227 1622 1436 1703 primis
1471 1614 1637 1703 apud
1677 1615 1928 1681 Graecos
1951 1612 2380 1699 geographiam

280 1698 593 1777 ediderit3
630 1708 777 1780 iste,
798 1708 949 1788 quia
982 1726 1121 1788 quae
1154 1703 1319 1787 apud
1354 1701 1510 1767 alios
1544 1700 1808 1787 dispersa
1835 1719 2047 1774 erant,
2083 1705 2148 1761 in
2183 1718 2376 1761 unum

276 1782 607 1869 redegerit.
631 1788 811 1856 AEtas
832 1806 1037 1853 autem
1062 1788 1335 1873 Scylacis
1356 1792 1590 1851 incerta
1610 1808 1737 1851 esse
1757 1808 1884 1849 non
1905 1800 2106 1871 potest
2129 1808 2146 1846 ε
2175 1781 2380 1845 multis

279 1890 354 1934 ea
386 1892 424 1931 a
466 1888 637 1953 patet
670 1877 1058 1955 argumentis.
1098 1874 1204 1938 Ne
1238 1871 1508 1956 decipiat
1543 1868 1904 1935 Herodotus
1938 1868 2382 1953 Melpomene3

292 2016 297 2021 .
322 1957 387 2015 ui
455 1974 599 2019 ocet
613 2001 632 2030 ‚
656 1952 981 2039 Scylacem
1003 1947 1313 2042 quendam
1340 1954 1843 2040 Caryandensem
1865 1952 2049 2016 fuisse
2071 1957 2319 2015 missum
2343 1974 2382 2015 a

276 1976 509 2115 ῗὶετίο,
538 2040 859 2125 Hystaspis
887 2041 1049 2125 filio,
1072 2038 1150 2105 ad
1168 2041 1604 2125 explorandam
1627 2040 1862 2103 Asiam.
1882 2038 2134 2123 Quippe
2157 2041 2207 2100 is
2229 2036 2380 2100 alter

278 2116 501 2205 Scylax
524 2122 608 2186 ab
628 2124 770 2202 hoc,
792 2142 854 2191 et
876 2126 1075 2189 multo
1094 2131 1426 2211 antiquior.
1454 2126 1750 2189 Meminit
1767 2126 1933 2189 enim
1955 2140 2160 2187 noster
2184 2118 2385 2185 σκελῶν

274 2196 501 2294 μαιρὲἶιν
514 2206 615 2273 vat-‘v
628 2210 946 2291 Πειρςυέος,
961 2210 1131 2296 quod
1147 2228 1353 2274 tamen
1366 2210 1806 2273 Themistoclis
1829 2230 1981 2293 opus
2004 2210 2118 2290 (1).
2143 2208 2372 2269 Memi-

278 2294 377 2353 nit
404 2308 465 2352 et
493 2292 965 2379 Amphipoleos,
1002 2316 1191 2379 quarn
1212 2292 1500 2359 condidit
1512 2292 1821 2369 Brasidas,
1863 2316 2005 2357 cum
2027 2309 2169 2355 ante
2203 2288 2378 2352 Ἐννέα

282 2368 408 2433 mi
420 2374 723 2451 diceretur
736 2380 850 2460 (2).
878 2380 1167 2457 Quorum
1194 2398 1437 2443 aetatem
1456 2400 1640 2444 nemo
1657 2382 1868 2443 nescit.
1886 2376 2214 2441 Cleostrati
2229 2395 2380 2458 quo-

284 2458 713 2543 queastrologi
732 2462 1020 2539 Tenedii,
1042 2481 1103 2527 et
1128 2462 1466 2527 Callistrati
1481 2510 1500 2539 ,
1515 2463 1770 2526 rhetoris
1792 2462 2158 2525 atheniensis
2174 2506 2191 2535 ‚
2219 2478 2378 2521 men-

284 2544 524 2606 tionem
546 2542 721 2620 facit;
748 2569 901 2630 quos
922 2546 1032 2609 diu
1051 2565 1187 2632 post
1202 2548 1375 2612 illum
1392 2546 1830 2631 Hystaspidem
1846 2546 2119 2609 floruisse
2133 2591 2154 2623 ‚
2172 2548 2378 2607 certis·

191 2657 197 2667 ·
278 2628 529 2691 simum.
556 2628 748 2713 Atqui
778 2632 979 2694 AElius
994 2633 1339 2716 Dionysius
1356 2679 1375 2708 ,
1394 2632 1446 2695 ὃν
1475 2624 1699 2713 τᾷἶωὲἶ
1716 2624 2134 2716 Ἀλεξωψσίας
2158 2626 2378 2711 πρώτῳ,

281 2713 523 2795 inquit,
550 2702 625 2775 ὅτι
650 2710 858 2796 Δαρείῳ
890 2712 1261 2794 ωσιφῶνησι
1306 2714 1540 2799 Σκύλαξ
1582 2710 1634 2777 πὶ
1660 2712 1980 2796 φρόντισμα.
2008 2716 2290 2777 Omnino
2329 2717 2378 2775 is

280 2812 371 2856 est
392 2796 625 2858 Darius
650 2798 923 2861 Nothus.
950 2800 1103 2877 Quo
1126 2818 1452 2883 regnante,
1475 2798 1859 2863 Callistratus
1873 2799 2014 2862 exul
2030 2804 2094 2861 in
2109 2798 2382 2861 Thracia

283 2878 529 2943 Datum
566 2882 783 2945 urbem
809 2884 1112 2947 condidit.
1150 2884 1234 2949 Et
1258 2904 1423 2949 certe
1453 2908 1527 2948 ex
1551 2884 1668 2948 hac
1705 2890 1832 2966 ejus
1865 2888 2131 2968 epitome
2169 2884 2379 2963 colligi

282 2980 515 3047 potest,
546 2984 613 3027 ut
640 2972 763 3045 jam
787 2966 949 3032 vidit
976 2988 1153 3033 vetus
1171 2988 1388 3033 auctor
1407 2973 1553 3033 vitae
1583 2973 1710 3048 ejus
1723 3012 1744 3043 ,
1777 2964 1834 3031 vn*
1859 2966 2000 3048 μοίπ
2024 2966 2377 3053 ’ΔΑε’ξαιυά)οον

281 3042 479 3123 εἰᾶἵναι
500 3046 598 3113 π’ὅν
620 3052 951 3117 Mutudb'mv
970 3050 1245 3131 βασιλέα,
1278 3051 1419 3134 μοῖπ
1447 3050 1523 3117 τᾶν
1542 3048 1716 3200 Smyr
1735 3042 2033 3131 ἕμωεθεν
2055 3052 2252 3116 ἐκείνου
2287 3051 2379 3113 τοῦ
2427 3109 2438 3117 .

270 3128 457 3216 χςόνυ.
480 3132 726 3197 Tur-bat
748 3154 954 3201 tamen
985 3138 1087 3203 hic
1113 3136 1368 3214 Suidas,
1396 3142 1504 3223 qui
1531 3138 1620 3201 Po
1646 3138 1796 3222 ybio
1827 3156 2206 3201 coaetaneum
2231 3136 2378 3200 facit

270 3216 452 3305 'hunc
516 3238 789 3282 nostrum
852 3222 1195 3305 Scylacem.
1242 3220 1457 3306 Inquit
1513 3226 1676 3285 enim
1727 3221 2037 3306 Scylacem
2088 3222 2376 3305 Car-yan-

279 3299 537 3365 densem
574 3302 821 3371 obium
871 3304 971 3369 ’νῦν
999 3304 1156 3377 ἐκτὸς
1200 3304 1300 3370 πζῖν
1346 3305 1666 3393 Ἡρςικλέκς
1713 3305 1868 3370 snat}
1891 3353 1912 3383 ‚
1967 3328 2058 3371 res
2091 3328 2376 3392 praeterea

280 3404 479 3469 gestas
514 3386 593 3449 ab
630 3389 994 3466 Heraclide,
1028 3392 1441 3476 Mylassorum
1468 3413 1635 3476 rege,
1677 3409 1736 3454 et
1771 3390 1994 3455 librum
2035 3411 2246 3456 contra
2279 3391 2378 3451 hi-

280 3474 533 3533 storiam
562 3472 677 3535 Pol
724 3473 847 3551 bii,
870 3497 983 3538 scri
1030 3480 1185 3539 sisse.
1213 3474 1333 3540 Sed
1352 3474 1678 3540 confundit
1699 3474 1854 3539 duos
1881 3475 2185 3560 Scylaces.
2220 3476 2376 3537 Tres

280 3557 449 3616 enim
465 3552 633 3619 fuere
708 3558 943 3643 cylaces
959 3498 1445 3645 garyandenses.
1468 3562 1945 3647 Antiquissimus
1974 3578 2097 3639 est,
2127 3566 2234 3645 qui
2261 3558 2375 3621 sub

356 3734 436 3805 (ι)
476 3727 641 3789 conf.
662 3731 816 3795 Praef.
838 3754 998 3795 nostr.
1025 3741 1082 3794 in
1116 3739 1265 3814 Scyl.
1284 3715 1582 3805 s.'XXV11.

352 3809 429 3883 (2)
469 3802 633 3867 Conf.
652 3808 686 3868 l.
706 3832 753 3871 c.
774 3823 816 3878 S.
838 3812 1087 3871 XXVlll.
