2809 4642
565 336 710 420 64·-
1100 349 1531 405 nonwuu
1586 349 2099 404 mssnnnrro

577 457 1076 549 nonis-templo
1112 473 1589 526 consecratum
1626 453 1833 524 fixisse
1858 452 2306 524 consentiunt
2338 451 2601 522 Plinius
2612 455 2631 514 ⁸.

577 579 654 630 et·
668 559 1003 636 Solinus².
1025 558 1314 651 Periplo
1345 558 1403 628 si
1440 559 1777 628 hodierno
1805 554 1985 644 fides
2003 605 2022 636 ,
2048 555 2433 648 intemplo
2478 580 2635 648 pro-

579 665 800 732 stabat
819 711 837 743 ,
863 685 1010 732 non
1039 661 1342 732 sunonis
1363 711 1382 743 ‚
1417 663 1539 730 sed
1572 657 1865 730 Saturni.
1900 656 2313 754 Gor-gadum
2342 659 2634 728 insulam

575 769 664 832 ad
702 765 1096 857 Hesperien
1121 787 1344 842 ceras3
1375 761 1663 830 Cernen
1700 779 1926 830 autem
1956 778 2199 842 contra
2220 761 2449 828 sinum
2479 758 2639 828 Per-

578 868 793 935 sicum
813 915 833 947 ‚
880 884 949 934 et
975 865 1267 958 proinde
1296 866 1366 930 in
1397 865 1647 956 peripli
1684 861 1862 944 fine,
1898 863 2097 955 ponit
2120 861 2419 932 Plinius‘
2442 913 2463 942 ‚
2486 887 2639 934 ,om-.
2690 939 2695 946 ¹

579 970 790 1050 nine,
853 986 932 1036 ut
975 969 1242 1037 videtur
1274 1017 1293 1048 ,
1345 991 1384 1034 e
1432 967 1673 1036 coaevis
1726 969 1925 1057 hujus
1972 966 2243 1059 peripli-
2264 966 2665 1036 codicibus..

579 1071 812 1166 Magis
842 1087 1026 1138 certe
1055 1093 1182 1160 pro
1215 1087 1447 1138 mente
1480 1087 1787 1140 veterum
1818 1119 1837 1148 ,
1886 1070 2009 1160 qui
2048 1069 2125 1138 in
2170 1066 2404 1138 Cerne
2448 1069 2641 1136 navi-

541 1201 548 1206 ·
582 1165 882 1268 gationis
927 1171 1287 1263 utriusque
1337 1169 2127 1251 fines-committebant,
2179 1170 2641 1240 tam-Nearchi

581 1297 791 1372 quam
838 1274 1228 1345 Hannonis.
1282 1274 1469 1343 Vice.
1496 1292 1725 1345 autem
1766 1298 1997 1355 versa,
2044 1273 2211 1341 citra
2250 1274 2642 1365 Hesperien

583 1399 769 1446 ceras
801 1376 1084 1446 Cernen
1104 1431 1123 1462 ,
1161 1395 1230 1448 et
1257 1379 1344 1445 ad
1368 1374 1635 1446 Notion
1671 1399 1857 1448 ceras
1880 1427 1900 1460 ‚
1928 1377 2295 1468 ipsumque
2322 1377 2495 1446 adeo
2528 1400 2666 1444 na·-

581 1478 1204 1576 vigationis-finem
1229 1531 1249 1562 ,
1313 1476 1855 1570 Gorillas-ponit
1890 1478 2194 1572 periplus
2246 1479 2639 1572 hodiernus.

582 1580 940 1652 Convenit
986 1606 1194 1675 porro
1229 1583 1304 1652 in
1336 1577 1745 1675 Gorgadum
1788 1583 1921 1651 situ
1965 1604 2125 1648 cum
2168 1579 2395 1648 Plinio
2442 1582 2641 1650 etiam

518 1678 522 1684 ⁵
584 1684 779 1752 Mela
795 1678 855 1765 4,
881 1685 1003 1774 qui
1029 1685 1232 1751 etiam
1273 1683 1423 1774 ipse
1448 1684 1769 1762 advocat,
1813 1673 2039 1774 qualis
2068 1700 2230 1752 tunc
2267 1682 2667 1778 legebatur-,n

585 1785 1039 1879 Hannonem.
1061 1784 1200 1852 Vix
1216 1803 1317 1852 est
1331 1802 1651 1874 praeterea
1666 1807 1787 1853 eur
1810 1785 2198 1853 dubitemus
2217 1785 2389 1875 quin
2406 1786 2644 1854 eadem

583 1886 788 1957 suerit
804 1938 824 1969 ,
855 1889 930 1956 in
953 1885 1087 1954 situ
1119 1903 1252 1954 tam
1279 1887 1527 1978 dispari
1544 1929 1569 1966 ‚·
1594 1887 1817 1956 insula
1838 1885 2249 1983 Gorgadum
2276 1906 2483 1978 atque
2508 1884 2669 1954 G0--

587 1990 881 2058 rillarum
903 2040 922 2071 ‚
960 2005 1322 2079 utcunque
1349 1987 1723 2085 refragetur
1760 1989 1847 2058 cI.
1878 1989 2170 2060 Vossius
2194 1981 2249 2057 5.
2290 1989 2373 2058 In
2420 1988 2645 2058 Plinio

587 2109 772 2160 certe
803 2107 1012 2184 atque
1031 2091 1222 2170 Mela
1251 2091 1471 2160 nullas
1494 2092 1789 2188 legimus
1814 2115 1853 2160 a
1876 2090 2321 2188 Gorgadibus
2352 2092 2645 2160 diversas
2683 2173 2689 2178 ¹

590 2191 923 2274 Gorinas3
973 2215 1103 2261 nec
1136 2193 1468 2276 vicissim,
1499 2195 1573 2264 in
1610 2194 1963 2264 Hannone
1997 2196 2370 2276 hodiernO,
2416 2194 2575 2262 alias
2612 2217 2649 2260 a

592 2293 874 2366 Gor-illis
911 2293 1294 2392 Gorgadas.
1343 2295 1429 2365 Et
1460 2315 1688 2366 tamen
1725 2298 1797 2366 in
1831 2294 2187 2391 Gorgadas
2223 2298 2645 2370 Hannonem

591 2418 1020 2492 penetrasse,
1062 2399 1296 2489 ibique
1327 2399 1515 2472 hirtis
1540 2399 1945 2491 corporibus
1969 2397 2261 2469 feminas
2289 2399 2645 2490 reperisse,

593 2503 830 2570 docuit
855 2501 1266 2593 Xenophon.
1294 2501 1799 2593 Lampsacenus
1818 2551 1836 2581 ,
1871 2502 2150 2571 testibus
2174 2500 2403 2570 Plinio
2428 2518 2499 2567 et
2532 2497 2649 2568 So-

591 2605 760 2674 lino.
789 2605 1000 2674 Unde
1022 2604 1166 2686 illa,
1194 2627 1455 2696 quaeso,
1484 2603 1885 2694 Xenophon
1908 2604 2039 2672 nisi
2064 2629 2102 2672 e
2130 2627 2359 2672 coaevo
2386 2603 2649 2695 periplo

503 2777 519 2794 .
598 2707 1016 2778 Hannonis!
1069 2707 1376 2776 Ubinam
1412 2717 1640 2774 autem
1686 2699 2088 2802 Gorgadas;
2150 2706 2433 2775 ubinam
2480 2706 2653 2774 hirto

595 2833 886 2902 corpore
909 2809 1198 2878 feminas
1218 2861 1237 2892 ,
1263 2810 1336 2876 in
1360 2809 1725 2876 Hannone.
1744 2809 2079 2877 hodierno
2111 2809 2339 2900 potuit
2362 2809 2655 2900 reperire

527 2897 534 2914 ⁵
597 2910 925 2993 Vossius,
973 2915 1419 3005 praeterquam
1457 2911 1527 2976 in
1558 2907 1879 2980 Gorillis!
1941 2911 2176 3002 Itaque
2218 2913 2507 2979 nomina
2550 2911 2655 2979 illa

595 3015 888 3107 invicem
933 3013 1356 3106 permutavit
1379 3030 1609 3080 auctor
1652 3014 1899 3107 peripli
1936 3015 2269 3082 hodierni.
2314 3014 2507 3082 Vidit
2550 3013 2657 3080 ni-

599 3117 846 3185 mirum
893 3115 1250 3207 antiquior.
1268 3112 1421 3196 ille,
1476 3115 1610 3182 sub
1657 3115 2025 3184 Hannonis
2072 3117 2359 3185 nomine
2386 3167 2405 3198 ,
2456 3113 2659 3183 falsa·-

596 3219 736 3288 rius
761 3269 780 3300 ‚
832 3243 992 3286 cum
1027 3217 1310 3286 Cernen
1347 3241 1537 3286 suam
1572 3241 1657 3285 ex
1701 3218 2059 3286 occidente
2090 3218 2543 3286 transtulisset
2589 3217 2659 3286 in

599 3322 934 3391 orientem
971 3369 988 3400 ,
1052 3319 1248 3388 aliam
1295 3321 1590 3411 proinde
1654 3323 2086 3410 quaerendam
2136 3319 2346 3389 fuisse
2385 3317 2662 3415 Gorgo-

600 3423 803 3492 nibus
850 3425 1079 3490 sedem
1111 3473 1128 3504 ,
1176 3446 1346 3514 quas
1392 3423 1735 3493 occidenti
1777 3424 2240 3516 assignaverat
2280 3423 2657 3490 Hesiodus.

601 3522 1096 3596 Indefactum.
1122 3543 1196 3593 ut
1243 3549 1389 3614 non
1440 3524 1733 3616 amplius
1786 3523 2071 3594 Cernen
2105 3525 2394 3594 insulam
2428 3523 2619 3592 illam
2644 3575 2660 3604 ‚

601 3629 723 3696 sed
763 3623 1169 3724 Gorgadum
1197 3678 1215 3710 ‚
1267 3627 1641 3719 appellarit.
1678 3628 2057 3696 Transtulit
2102 3648 2363 3708 autem,
2414 3647 2491 3694 ut
2517 3651 2670 3718 quae

683 3789 698 3811 ¹
719 3746 855 3838 Plin.
880 3779 1170 3838 Nat.-Hist.
1191 3795 1279 3846 vl,
1317 3800 1400 3855 3¹·
1454 3809 1529 3822 -—
1583 3781 1608 3807 ²
1632 3776 1801 3834 Solin.
1834 3799 1947 3856 cap.
1982 3784 2069 3855 56.
2122 3813 2197 3825 —-
2248 3778 2271 3818 3
2298 3779 2553 3847 Plin...v1,
2588 3800 2673 3855 3¹·

541 3876 545 3884 ·
603 3861 686 3904 -'-
723 3856 1196 3931 ⁴Mel.111,9,66.
1233 3885 1302 3899 —
1347 3852 1369 3892 ⁵-
1387 3851 1775 3915 voss.adMel.
1795 3867 1974 3928 11159,
2002 3858 2089 3911 66.
2181 3904 2198 3910 -
