2809 4642
529 352 688 447 34
1093 358 1519 419 DonwELu
1567 354 2089 415 Βιειιῑιιτιιτιο

587 469 820 563 simiiis
859 474 962 538 est
1006 456 1280 565 collega
1315 466 1750 537 carchedon.
1806 462 2291 531 fabarum-um
2336 426 2475 531 lita
2492 488 2647 557 pro-

583 579 764 645 ‘dunt
795 572 1202 669 ingenium«,
1237 570 1360 663 qui
1391 566 1886 659 antiquissimas
1928 564 2233 660 origines
2279 567 2645 688 saepissime

576 680 941 747 arcessiuit
981 696 1072 741 ex
1105 672 1379 743 urbium
1418 668 1819 740 nominibus
1884 668 1959 737 in
2015 668 2319 736 virorum
2364 669 2643 739 nomina

575 764 1092 849 transformatis·
1114 772 1200 844 Si
1205 776 1376 869 quid
1396 792 1567 871 ergo
1586 767 2071 850 sanihabeant,
2092 771 2179 837 ad
2203 769 2523 839 altiores
2500 794 2646 865 rpsa

585 880 760 951 urbe
785 880 1086 977 origines
1106 926 1124 958 ‚
1141 878 1218 947 ‘in
1247 868 1463 969 Tyro,
1490 878 1563 944 ni
1580 872 1801 957 fallor,
1826 889 1900 942 et
1906 868 2273 941 'Phoenicia
2284 870 2647 942 referenda

581 990 806 1063 sunt,
859 1006 939 1051 ea
987 980 1224 1050 saltem
1259 1002 1410 1070 quae
1438 982 1528 1047 de
1564 976 1757 1045 Xoro
1784 974 2200 1045 fibulanmr.
2246 974 2645 1073 Ncc'longe

589 1085 848 1155 ab'eun't
888 1083 1284 1151 Phoenicum
1343 1082 1639 1150 rationes
1660 1129 1679 1162 ,
1735 1101 1898 1147 mox
1942 1101 1982 1146 a
2012 1076 2279 1145 nobis*
2340 1096 2385 1145 ἐ
2440 1076 2643 1146 Phoe»

590 1188 820 1256 nicum
875 1183 1234 1263 annalibus
1294 1182 1725 1274 explicandae.
1795 1180 2044 1248 Annus
2104 1177 2197 1246 ibi
2256 1176 2645 1249 Solomonis

591 1278 1416 1382 1v“⁸assignabi‘tura‘nno
1442 1283 1705 1377 periodi
1726 1279 2031 1350 Julianae
2044 1299 2252 1370 3703.
2280 1281 2440 1349 Hoc
2456 1305 2644 1350 anno

587 1390 844 1484 Tyrum
891 1390 1108 1479 ipsam
1151 1386 1604 1476 antiquiorem
1649 1384 1850 1453 annis
1912 1380 2057 1463 240
2112 1406 2197 1451 ex
2240 1383 2479 1449 iisdem
2525 1408 2646 1452 an-

587 1492 844 1561 nalium
891 1488 1251 1587 Tyriorum
1278 1488 1651 1557 rationibus
1676 1472 1837 1553 facit
1860 1483 1904 1554 J
1908 1483 2286 1580 osephus
2322 1480 2431 1553 Sic
2454 1509 2642 1554 anno

585 1594 853 1687 period
903 1582 1042 1661 Jul.
1103 1588 1286 1679 3463
1316 1638 1334 1669 ,
1385 1588 1548 1678 Tyri
1601 1588 1814 1679 ipsius
1872 1589 2047 1676 jacta
2105 1582 2360 1654 fuerint
2397 1566 2645 1655 funda-

587 1712 840 1765 menta.
873 1685 1337 1769 Detrahantu'r
1351 1685 1435 1757 hi
1460 1709 1544 1757 ex
1568 1712 1755 1757 anno
1778 1689 2041 1781 period.
2068 1686 2211 1755 Jul.
2248 1682 2476 1780 3938,
2504 1712 2645 1780 quo

587 1796 840 1895 prima
853 1786 1057 1885 coepit
1105 1789 1469 1885 olympias,
1534 1790 1775 1883 reliqui
1832 1807 2035 1858 erunt
2070 1790 2236 1858 anni
2286 1788 2383 1877 47
2396 1814 2458 1879 5
2510 1790 2646 1860 Sed
2734 1884 2738 1893 .
2784 1844 2791 1851 .

586 1921 786 1978 vere,
817 1916 1005 1962 3ιιιιο
1033 1911 1191 1962 ante
1224 1892 1641 1984 olympiades
1672 1891 1873 1981 407⁰,
1900 1878 2280 1982 Troianum
2311 1893 2648 1961 excidium

585 1992 896 2070 statuitur
940 2018 980 2063 a
1033 1994 1474 2093 chronologis
1528 2012 1832 2063 veterum
1902 1983 2437 2063 accuratissimis.
2518 1996 2649 2063 His

584 2104 828 2170 iter-um
862 2096 1208 2179 deductis,
1263 2097 1462 2165 annis
1499 2100 1977 2165 tantummodo
2011 2095 2103 2164 68
2124 2086 2355 2189 ¹Tyrus
2384 2096 2648 2166 cladem

584 2199 858 2271 Iliacam
891 2199 1349 2291 praecesserit:
1380 2215 1618 2290 estque
1643 2184 2131 2297 discrepantia,
2165 2201 2237 2269 in
2268 2218 2455 2269 tanta
2485 2216 2650 2268 tam-

586 2328 726 2397 que
771 2296 1068 2372 discordi
1111 2300 1553 2398 antiquitate,
1611 2324 1757 2369 non
1808 2304 2044 2397 magni
2095 2295 2432 2371 facienda.
2495 2294 2650 2371 Do-

575 2407 863 2499 cuitque
901 2402 1138 2473 Strabo
1173 2386 1540 2495 Tyriorum
1588 2404 1895 2471 colonias
1940 2404 2068 2472 sibi
2104 2405 2508 2474 vendicasse
2549 2406 2651 2475 Li-

577 2500 1042 2609 byphoenicas-
1081 2502 1420 2575 Caeterum
1466 2504 1653 2596 quod
1681 2492 1767 2573 ad
1809 2520 2001 2573 veras
2039 2497 2227 2575 urbis
2276 2505 2648 2603 Carthagi-

587 2611 842 2681 niensis
901 2608 1250 2711 origines,
1306 2603 1544 2677 Siculis
1588 2605 2009 2676 anteferendi
2044 2627 2245 2677 erunt
2286 2610 2418 2703 ipsi
2474 2606 2651 2678 Car-

583 2711 1069 2811 thaginienses.
1090 2708 1264 2827 Im03
1299 2726 1457 2801 post
1482 2698 2081 2806 Carthaginienses
2102 2706 2433 2780 audiendi
2458 2725 2654 2781 e‘runt

583 2812 1091 2905 Romani,qui,
1112 2810 1336 2881 excisa
1351 2806 1805 2907 Carthagine,
1827 2812 2095 2881 archtva
2113 2812 2383 2882 illorum
2412 2815 2657 2883 omnia

581 2934 788 3014 atque
821 2930 1270 2984 monumenta
1299 2913 1371 2980 in
1393 2936 1585 2981 suam
1602 2921 2008 3005 potestatem
2027 2917 2471 3026 redegerunt.
2496 2910 2656 2985 Hos

579 3036 805 3090 autem
857 3035 1189 3107 utrosque
1243 3006 1677 3113 Carthaginis
1742 3012 2090 3085 exordium
2146 3021 2234 3086 ad
2287 3004 2653 3089 Didonem

575 3106 886 3191 retulisse
903 3118 1087 3187 idem
1100 3116 1803 3214 agnoscitAppianus.
1826 3114 2003 3188 Sunt
2027 3121 2308 3226 quidem
2335 3130 2652 3191 veterum

576 3223 772 3291 variae
823 3216 1231 3299 admodum,
1275 3213 1695 3312 diversaeque
1747 3218 2085 3303 invicem,
2135 3223 2235 3289 de
2270 3214 2406 3291 hac
2452 3248 2656 3293 causa

578 3322 954 3395 sententiae.
1011 3320 1143 3390 His
1199 3320 1382 3390 enim
1436 3311 1909 3415 temporibus,
1972 3331 2132 3393 cum
2186 3320 2376 3394 nuila’
2424 3327 2654 3395 adhuc

575 3441 808 3497 essent
847 3406 1165 3492 historica
1205 3442 1704 3508 monumenta,
1741 3422 2091 3519 proinde
2070 3449 2353 3495 necesse
2386 3432 2541 3498 'ei-'at
2584 3436 2659 3497 u't

575 3518 918 3599 vacillaret
956 3524 1244 3595 historiae
1288 3524 1496 3610 fides,
1526 3549 1662 3595 nec
1700 3528 2166 3597 consentirent
2203 3528 2510 3601 invicem
2564 3532 2660 3619 ju-

576 3630 849 3701 niorum
881 3651 1002 3698 seu
1051 3626 1509 3711 traditiones,
1532 3653 1655 3697 seu
1696 3630 2068 3699 ratiocinia.
2123 3618 2355 3700 Nemo
2419 3644 2658 3703 tamen

657 3858 672 3885 ¹
697 3864 742 3922 ss.
761 3852 889 3913 XV.
926 3886 998 3897 —
1043 3857 1068 3883 ²
1091 3830 1301 3929 losep'h.
1321 3851 1443 3911 Hui.
1462 3864 1567 3909 vm
1584 3894 1599 3919 ‚
1626 3875 1675 3909 2.
