2809 4642
417 345 466 395 x
1013 336 1396 393 Em'roms
1464 313 1919 394 PRAEFATm.

417 454 892 551 currendum
936 443 1221 544 fuisse,
1281 446 1701 533 deficiente
1741 452 1979 534 solita
2025 453 2514 541 edendorum

415 578 800 660 librorum
837 570 1308 683 supellectili
1331 575 1605 657 critica
1636 606 1658 653 z
1694 576 2041 689 denique
2066 639 2089 666 ‚
2124 577 2517 685 prioribus

419 698 904 785 eruditorum
946 693 1306 779 Salmasii
1333 758 1352 791 ,
1407 694 1645 779 Isaac.
1692 696 1961 780 Vossii
1987 704 2010 793 ,‘
2057 700 2251 780 &c'..
2293 762 2313 781 .
2378 686 2515 787 cu-‚

417 825 556 914 ris»,
595 818 1250 901 emendationum
1287 820 1895 903 certissimarum
1933 824 2245 931 copiam
2278 818 2517 903 fuisse

417 946 644 1053 quasi
687 961 1206 1060 praereptam,
1244 944 1355 1023 ita
1395 952 1485 1025 ut
1524 947 1861 1053 supersit
1892 965 2249 1040 tantum,
2298 944 2517 1088 quod

417 1056 1000 1153 dubitationem
1050 1094 1302 1175 prope
1361 1064 1621 1203 dicam
1675 1062 2070 1153 infinitam
2124 1071 2207 1148 in
2263 1068 2519 1177 conji-

419 1188 706 1272 ciendo
737 1170 1064 1270 adferat.
1727 1220 1735 1229 ·
2256 1210 2267 1223 ·

539 1308 731 1391 Haec
773 1304 932 1393 fere
988 1289 1230 1391 hodie
1263 1309 1525 1391 dicere
1570 1310 1843 1391 habui.
1866 1310 2291 1395 Absoluto
2334 1340 2520 1421 syn-

415 1452 808 1545 tagmate,
856 1432 1304 1544 generalem
1348 1424 1895 1539 praefationem
1921 1430 2314 1546 adfigam,
2362 1462 2524 1547 qua

415 1550 554 1636 res.
574 1584 738 1637 non
771 1555 1016 1637 modo
1047 1555 1156 1636 adv
1183 1550 1572 1664 singulos,
1607 1584 1885 1636 verum
1930 1560 2171 1638 etiam
2204 1556 2306 1637 ad
2338 1560 2525 1641 uni-

349 1674 358 1678 ’
413 1707 682 1762 versos
705 1681 1120 1787 scriptores
1147 1679 1630 1788 pertinentes
1651 1740 1670 1772 ,
1700 1678 2207 1787 complectar.
2232 1676 2527 1790 Neque

414 1820 685 1883 tamen
718 1799 920 1879 illud
942 1822 1157 1881 nunc
1179 1799 1499 1881 silentio
1521 1802 1910 1909 praeterire
1944 1828 2207 1911 que0,
2230 1827 2525 1911 nempe

415 1942 810 2036 quantum
851 1925 999 2003 viri
1046 1920 1601 2005 humanissimi
1644 1920 2177 2034 Longuevillii
2224 1919 2336 2031 (1)
2380 1922 2527 2003 do·-

421 2050 678 2129 ctrina
702 2066 782 2127 et
811 2038 1165 2127 amicitia
1187 2044 1390 2129 mihi
1426 2042 1926 2157 profuerint
1902 2076 1988 2127 111
2002 2046 2351 2129 edendo
2369 2044 2528 2126 hoc

419 2168 834 2251 volumine
861 2230 881 2263 ,
930 2168 1150 2281 quod
1194 2164 1752 2279 imperfectum
1808 2197 1996 2251 sane
2026 2230 2047 2264 ,
2104 2168 2241 2251 sed
2284 2167 2527 2312 longe

319 2338 323 2344 ·
381 2288 962 2403 imperfectius
995 2291 1240 2373 hodie
1275 2295 1565 2389 exiret,
1608 2293 1764 2373 nisi
1796 2294 1918 2373 vir
1947 2292 2299 2377 literatus
2332 2294 2529 2373 mei-

424 2444 582 2529 que
616 2415 1243 2509 amantissimus,
1303 2416 1558 2499 multa
1600 2443 1765 2537 non
1810 2417 2074 2497 minus
2104 2414 2531 2525 diligenter

427 2566 667 2651 quam
703 2558 929 2619 acute
962 2541 1439 2649 castigasset.
2458 2566 2467 2576 ·

485 2661 682 2752 Ad
706 2682 1186 2757 extremum,
1208 2664 1422 2743 viros
1445 2659 1762 2754 doctos,
1792 2661 2079 2774 quibus
2100 2658 2302 2741 hoc
2282 2688 2531 2771 genus

425 2784 871 2867 studiorum
892 2785 1221 2879 arridet,
1258 2787 1639 2894 impense
1648 2812 1885 2894 roge,
1930 2806 2021 2865 ut
2054 2782 2208 2865 de
2184 2787 2320 2877 1is‚
2357 2812 2537 2895 quae

429 2909 530 2990 ad
555 2936 812 2990 meam
838 2936 1002 2991 rem
1024 2926 1421 3019 spectant,
1463 2898 1917 2989 humaniter
1946 2936 2075 2988 me
2109 2926 2531 3001 moneant,

429 3031 1046 3144 adjumentaque
1079 3031 1455 3111 doctrinae
1486 3059 1643 3110 suae
1674 3048 1755 3113 et
1787 3030 2169 3112 consilia'
2143 3032 2537 3140 impertiri

435 3154 635 3235 mihi
691 3154 989 3243 velint;
1067 3152 1459 3265 quidquid
1519 3144 1903 3264 accipiam
1930 3214 1949 3250 ‚
2030 3183 2173 3235 suo
2204 3154 2535 3253 auctori
2600 3240 2605 3243 ,

314 3336 318 3342 -
433 3272 774 3360 fideliter
818 3278 901 3356 in
943 3273 1272 3357 edendis
1314 3304 1626 3387 semper
1668 3298 2040 3387 grateque
2082 3273 2444 3357 referam.

563 3396 1017 3481 Scribebam
1051 3396 1362 3481 Parisiis
1394 3420 1578 3481 ante
1602 3398 1815 3481 diem
1851 3398 2279 3481 secundam
2316 3425 2541 3479 men-

439 3526 540 3605 sis
575 3522 966 3614 Januarii,
1018 3550 1232 3603 anno
1277 3548 1368 3603 M.
1406 3548 1676 3603 Dece.
1712 3546 1940 3603 xxvi.

2548 680 2600 721 N

527 3712 640 3797 (1)
687 3712 972 3775 Isocratis
1019 3712 1308 3801 Panegyr.
1348 3709 1649 3785 editoris,
1700 3728 1758 3771 et
1817 3708 2172 3773 orationum
2214 3734 2282 3772 ex
2332 3708 2537 3771 histor.

389 3846 393 3851 -
435 3804 610 3885 graec.
650 3814 1064 3885 exemptarum.
